quote_id,symbol_id,date_id,time_id,exchange_id,bid_price,ask_price,bid_size,ask_size,spread,mid_price,event_ts
1,BINANCE:ETHUSDT,20260331,22405,BINANCE,2015.61,2015.62,19.7637,48.6249,0.009999999999990905,2015.6149999999998,2026-03-31 02:24:05.927000
2,BINANCE:ETHUSDT,20260331,22405,BINANCE,2015.61,2015.62,19.7637,46.3496,0.009999999999990905,2015.6149999999998,2026-03-31 02:24:05.944000
3,BINANCE:ETHUSDT,20260331,22405,BINANCE,2015.61,2015.62,19.7611,46.3496,0.009999999999990905,2015.6149999999998,2026-03-31 02:24:05.946000
4,BINANCE:ETHUSDT,20260331,22405,BINANCE,2015.61,2015.62,19.7611,46.3736,0.009999999999990905,2015.6149999999998,2026-03-31 02:24:05.948000
5,BINANCE:ETHUSDT,20260331,22405,BINANCE,2015.61,2015.62,19.7585,46.3736,0.009999999999990905,2015.6149999999998,2026-03-31 02:24:05.954000
6,BINANCE:ETHUSDT,20260331,22405,BINANCE,2015.61,2015.62,19.7559,46.3736,0.009999999999990905,2015.6149999999998,2026-03-31 02:24:05.954000
7,BINANCE:ETHUSDT,20260331,22405,BINANCE,2015.61,2015.62,19.7559,46.3831,0.009999999999990905,2015.6149999999998,2026-03-31 02:24:05.955000
8,BINANCE:BTCUSDT,20260331,22405,BINANCE,66306.58,66306.59,0.09944,2.34918,0.00999999999476131,66306.58499999999,2026-03-31 02:24:05.955000
9,BINANCE:BTCUSDT,20260331,22405,BINANCE,66306.58,66306.59,0.09936,2.34918,0.00999999999476131,66306.58499999999,2026-03-31 02:24:05.955000
10,BINANCE:BTCUSDT,20260331,22405,BINANCE,66306.58,66306.59,0.09944,2.34918,0.00999999999476131,66306.58499999999,2026-03-31 02:24:05.956000
11,BINANCE:BTCUSDT,20260331,22405,BINANCE,66306.58,66306.59,0.09952,2.34918,0.00999999999476131,66306.58499999999,2026-03-31 02:24:05.956000
12,BINANCE:ETHUSDT,20260331,22405,BINANCE,2015.61,2015.62,19.7559,41.6584,0.009999999999990905,2015.6149999999998,2026-03-31 02:24:05.956000
13,BINANCE:ETHUSDT,20260331,22406,BINANCE,2015.61,2015.62,18.985,41.6584,0.009999999999990905,2015.6149999999998,2026-03-31 02:24:06.020000
14,BINANCE:ETHUSDT,20260331,22406,BINANCE,2015.61,2015.62,18.3699,41.6584,0.009999999999990905,2015.6149999999998,2026-03-31 02:24:06.021000
15,BINANCE:BTCUSDT,20260331,22406,BINANCE,66306.58,66306.59,0.09952,2.3371,0.00999999999476131,66306.58499999999,2026-03-31 02:24:06.021000
16,BINANCE:BTCUSDT,20260331,22406,BINANCE,66306.58,66306.59,0.09952,2.34314,0.00999999999476131,66306.58499999999,2026-03-31 02:24:06.021000
17,BINANCE:BTCUSDT,20260331,22406,BINANCE,66306.58,66306.59,0.09952,2.34918,0.00999999999476131,66306.58499999999,2026-03-31 02:24:06.021000
18,BINANCE:ETHUSDT,20260331,22406,BINANCE,2015.61,2015.62,18.3699,41.6344,0.009999999999990905,2015.6149999999998,2026-03-31 02:24:06.021000
19,BINANCE:ETHUSDT,20260331,22406,BINANCE,2015.61,2015.62,18.3673,41.6344,0.009999999999990905,2015.6149999999998,2026-03-31 02:24:06.055000
20,BINANCE:BTCUSDT,20260331,22406,BINANCE,66306.58,66306.59,0.09952,2.21879,0.00999999999476131,66306.58499999999,2026-03-31 02:24:06.066000
21,BINANCE:BTCUSDT,20260331,22406,BINANCE,66306.58,66306.59,0.09952,2.35464,0.00999999999476131,66306.58499999999,2026-03-31 02:24:06.067000
22,BINANCE:ETHUSDT,20260331,22406,BINANCE,2015.61,2015.62,18.3699,41.6344,0.009999999999990905,2015.6149999999998,2026-03-31 02:24:06.078000
23,BINANCE:ETHUSDT,20260331,22406,BINANCE,2015.61,2015.62,18.0195,41.6344,0.009999999999990905,2015.6149999999998,2026-03-31 02:24:06.163000
24,BINANCE:ETHUSDT,20260331,22406,BINANCE,2015.61,2015.62,18.03,41.6344,0.009999999999990905,2015.6149999999998,2026-03-31 02:24:06.169000
25,BINANCE:ETHUSDT,20260331,22406,BINANCE,2015.61,2015.62,18.03,41.6482,0.009999999999990905,2015.6149999999998,2026-03-31 02:24:06.171000
26,BINANCE:ETHUSDT,20260331,22406,BINANCE,2015.61,2015.62,18.03,41.9812,0.009999999999990905,2015.6149999999998,2026-03-31 02:24:06.213000
27,BINANCE:BTCUSDT,20260331,22406,BINANCE,66306.58,66306.59,0.09952,2.35441,0.00999999999476131,66306.58499999999,2026-03-31 02:24:06.357000
28,BINANCE:ETHUSDT,20260331,22406,BINANCE,2015.61,2015.62,18.03,41.9717,0.009999999999990905,2015.6149999999998,2026-03-31 02:24:06.399000
29,BINANCE:BTCUSDT,20260331,22406,BINANCE,66306.58,66306.59,0.09944,2.35441,0.00999999999476131,66306.58499999999,2026-03-31 02:24:06.404000
30,BINANCE:ETHUSDT,20260331,22406,BINANCE,2015.61,2015.62,18.8606,41.9717,0.009999999999990905,2015.6149999999998,2026-03-31 02:24:06.451000
31,BINANCE:ETHUSDT,20260331,22406,BINANCE,2015.61,2015.62,18.8606,41.9813,0.009999999999990905,2015.6149999999998,2026-03-31 02:24:06.459000
32,BINANCE:BTCUSDT,20260331,22406,BINANCE,66306.58,66306.59,0.09931,2.35441,0.00999999999476131,66306.58499999999,2026-03-31 02:24:06.478000
33,BINANCE:BTCUSDT,20260331,22406,BINANCE,66306.58,66306.59,0.09939,2.35441,0.00999999999476131,66306.58499999999,2026-03-31 02:24:06.480000
34,BINANCE:BNBUSDT,20260331,22406,BINANCE,608.81,608.82,44.392,82.446,0.010000000000104592,608.815,2026-03-31 02:24:06.481000
35,BINANCE:BTCUSDT,20260331,22406,BINANCE,66306.58,66306.59,0.09947,2.35441,0.00999999999476131,66306.58499999999,2026-03-31 02:24:06.509000
36,BINANCE:BTCUSDT,20260331,22406,BINANCE,66306.58,66306.59,0.09939,2.35441,0.00999999999476131,66306.58499999999,2026-03-31 02:24:06.555000
37,BINANCE:BTCUSDT,20260331,22406,BINANCE,66306.58,66306.59,0.09947,2.35441,0.00999999999476131,66306.58499999999,2026-03-31 02:24:06.555000
38,BINANCE:BTCUSDT,20260331,22406,BINANCE,66306.58,66306.59,0.09955,2.35441,0.00999999999476131,66306.58499999999,2026-03-31 02:24:06.556000
39,BINANCE:BTCUSDT,20260331,22406,BINANCE,66306.58,66306.59,0.09963,2.35441,0.00999999999476131,66306.58499999999,2026-03-31 02:24:06.556000
40,BINANCE:ETHUSDT,20260331,22406,BINANCE,2015.61,2015.62,18.8236,41.9813,0.009999999999990905,2015.6149999999998,2026-03-31 02:24:06.589000
41,BINANCE:ETHUSDT,20260331,22406,BINANCE,2015.61,2015.62,18.8262,41.9813,0.009999999999990905,2015.6149999999998,2026-03-31 02:24:06.590000
42,BINANCE:ETHUSDT,20260331,22406,BINANCE,2015.61,2015.62,18.8288,41.9813,0.009999999999990905,2015.6149999999998,2026-03-31 02:24:06.590000
43,BINANCE:ETHUSDT,20260331,22406,BINANCE,2015.61,2015.62,17.9818,41.9813,0.009999999999990905,2015.6149999999998,2026-03-31 02:24:06.590000
44,BINANCE:ETHUSDT,20260331,22406,BINANCE,2015.61,2015.62,11.2118,41.9813,0.009999999999990905,2015.6149999999998,2026-03-31 02:24:06.590000
45,BINANCE:BTCUSDT,20260331,22406,BINANCE,66306.58,66306.59,0.01933,2.35441,0.00999999999476131,66306.58499999999,2026-03-31 02:24:06.591000
46,BINANCE:ETHUSDT,20260331,22406,BINANCE,2015.61,2015.62,11.2144,41.9813,0.009999999999990905,2015.6149999999998,2026-03-31 02:24:06.594000
47,BINANCE:ETHUSDT,20260331,22406,BINANCE,2015.61,2015.62,11.2144,41.8823,0.009999999999990905,2015.6149999999998,2026-03-31 02:24:06.594000
48,BINANCE:ETHUSDT,20260331,22406,BINANCE,2015.61,2015.62,11.217,41.8823,0.009999999999990905,2015.6149999999998,2026-03-31 02:24:06.594000
49,BINANCE:BTCUSDT,20260331,22406,BINANCE,66305.19,66306.49,8e-05,0.23972,1.3000000000029104,66305.84,2026-03-31 02:24:06.594000
50,BINANCE:BTCUSDT,20260331,22406,BINANCE,66305.19,66306.49,8e-05,0.63972,1.3000000000029104,66305.84,2026-03-31 02:24:06.595000
51,BINANCE:BTCUSDT,20260331,22406,BINANCE,66305.19,66306.49,8e-05,0.74964,1.3000000000029104,66305.84,2026-03-31 02:24:06.595000
52,BINANCE:BTCUSDT,20260331,22406,BINANCE,66305.19,66306.49,8e-05,0.86796,1.3000000000029104,66305.84,2026-03-31 02:24:06.595000
53,BINANCE:BTCUSDT,20260331,22406,BINANCE,66305.19,66306.29,8e-05,0.49585,1.0999999999912689,66305.73999999999,2026-03-31 02:24:06.595000
54,BINANCE:ETHUSDT,20260331,22406,BINANCE,2015.61,2015.62,11.2196,41.8823,0.009999999999990905,2015.6149999999998,2026-03-31 02:24:06.602000
55,BINANCE:BTCUSDT,20260331,22406,BINANCE,66305.19,66305.2,8e-05,0.117,0.00999999999476131,66305.195,2026-03-31 02:24:06.602000
56,BINANCE:BTCUSDT,20260331,22406,BINANCE,66305.19,66305.2,8e-05,0.2328,0.00999999999476131,66305.195,2026-03-31 02:24:06.602000
57,BINANCE:BTCUSDT,20260331,22406,BINANCE,66305.19,66305.2,8e-05,0.2728,0.00999999999476131,66305.195,2026-03-31 02:24:06.602000
58,BINANCE:BTCUSDT,20260331,22406,BINANCE,66305.19,66305.2,0.00016,0.2728,0.00999999999476131,66305.195,2026-03-31 02:24:06.603000
59,BINANCE:BTCUSDT,20260331,22406,BINANCE,66305.19,66305.2,0.00024,0.2728,0.00999999999476131,66305.195,2026-03-31 02:24:06.603000
60,BINANCE:BTCUSDT,20260331,22406,BINANCE,66305.19,66305.2,0.00032,0.2728,0.00999999999476131,66305.195,2026-03-31 02:24:06.603000
61,BINANCE:BTCUSDT,20260331,22406,BINANCE,66305.19,66305.2,0.00032,0.28909,0.00999999999476131,66305.195,2026-03-31 02:24:06.603000
62,BINANCE:BTCUSDT,20260331,22406,BINANCE,66305.19,66305.2,0.0004,0.28909,0.00999999999476131,66305.195,2026-03-31 02:24:06.603000
63,BINANCE:ETHUSDT,20260331,22406,BINANCE,2015.61,2015.62,9.65,41.8823,0.009999999999990905,2015.6149999999998,2026-03-31 02:24:06.603000
64,BINANCE:BTCUSDT,20260331,22406,BINANCE,66305.19,66305.2,0.0004,0.75526,0.00999999999476131,66305.195,2026-03-31 02:24:06.604000
65,BINANCE:BTCUSDT,20260331,22406,BINANCE,66305.19,66305.2,0.0004,0.79216,0.00999999999476131,66305.195,2026-03-31 02:24:06.604000
66,BINANCE:BTCUSDT,20260331,22406,BINANCE,66305.19,66305.2,0.00048,0.79216,0.00999999999476131,66305.195,2026-03-31 02:24:06.604000
67,BINANCE:BTCUSDT,20260331,22406,BINANCE,66305.19,66305.2,0.00056,0.79216,0.00999999999476131,66305.195,2026-03-31 02:24:06.604000
68,BINANCE:BTCUSDT,20260331,22406,BINANCE,66305.19,66305.2,0.00056,0.79517,0.00999999999476131,66305.195,2026-03-31 02:24:06.604000
69,BINANCE:BTCUSDT,20260331,22406,BINANCE,66305.19,66305.2,0.00056,0.8653,0.00999999999476131,66305.195,2026-03-31 02:24:06.605000
70,BINANCE:BTCUSDT,20260331,22406,BINANCE,66305.19,66305.2,0.00056,0.8671,0.00999999999476131,66305.195,2026-03-31 02:24:06.605000
71,BINANCE:BTCUSDT,20260331,22406,BINANCE,66305.19,66305.2,0.00056,0.89688,0.00999999999476131,66305.195,2026-03-31 02:24:06.605000
72,BINANCE:BTCUSDT,20260331,22406,BINANCE,66305.19,66305.2,0.00064,0.89688,0.00999999999476131,66305.195,2026-03-31 02:24:06.605000
73,BINANCE:BTCUSDT,20260331,22406,BINANCE,66305.19,66305.2,0.00064,1.0476,0.00999999999476131,66305.195,2026-03-31 02:24:06.605000
74,BINANCE:BTCUSDT,20260331,22406,BINANCE,66305.19,66305.2,0.00072,1.0476,0.00999999999476131,66305.195,2026-03-31 02:24:06.605000
75,BINANCE:BTCUSDT,20260331,22406,BINANCE,66305.19,66305.2,0.00072,1.19677,0.00999999999476131,66305.195,2026-03-31 02:24:06.606000
76,BINANCE:BTCUSDT,20260331,22406,BINANCE,66305.19,66305.2,0.0008,1.19677,0.00999999999476131,66305.195,2026-03-31 02:24:06.606000
77,BINANCE:BTCUSDT,20260331,22406,BINANCE,66305.19,66305.2,0.0008,1.2627,0.00999999999476131,66305.195,2026-03-31 02:24:06.606000
78,BINANCE:BTCUSDT,20260331,22406,BINANCE,66305.19,66305.2,0.00088,1.2627,0.00999999999476131,66305.195,2026-03-31 02:24:06.606000
79,BINANCE:BTCUSDT,20260331,22406,BINANCE,66305.19,66305.2,0.00096,1.2627,0.00999999999476131,66305.195,2026-03-31 02:24:06.606000
80,BINANCE:BTCUSDT,20260331,22406,BINANCE,66305.19,66305.2,0.00104,1.2627,0.00999999999476131,66305.195,2026-03-31 02:24:06.606000
81,BINANCE:BTCUSDT,20260331,22406,BINANCE,66305.19,66305.2,0.00104,1.4719,0.00999999999476131,66305.195,2026-03-31 02:24:06.607000
82,BINANCE:BTCUSDT,20260331,22406,BINANCE,66305.19,66305.2,0.00104,1.52545,0.00999999999476131,66305.195,2026-03-31 02:24:06.607000
83,BINANCE:BTCUSDT,20260331,22406,BINANCE,66305.19,66305.2,0.00104,1.56235,0.00999999999476131,66305.195,2026-03-31 02:24:06.607000
84,BINANCE:BTCUSDT,20260331,22406,BINANCE,66305.19,66305.2,0.00104,1.60235,0.00999999999476131,66305.195,2026-03-31 02:24:06.607000
85,BINANCE:BTCUSDT,20260331,22406,BINANCE,66305.19,66305.2,0.00104,1.60243,0.00999999999476131,66305.195,2026-03-31 02:24:06.607000
86,BINANCE:BTCUSDT,20260331,22406,BINANCE,66305.19,66305.2,0.00104,1.60487,0.00999999999476131,66305.195,2026-03-31 02:24:06.608000
87,BINANCE:ETHUSDT,20260331,22406,BINANCE,2015.61,2015.62,9.65,41.9813,0.009999999999990905,2015.6149999999998,2026-03-31 02:24:06.608000
88,BINANCE:ETHUSDT,20260331,22406,BINANCE,2015.61,2015.62,9.65,41.8823,0.009999999999990905,2015.6149999999998,2026-03-31 02:24:06.608000
89,BINANCE:BTCUSDT,20260331,22406,BINANCE,66305.19,66305.2,0.00112,1.60487,0.00999999999476131,66305.195,2026-03-31 02:24:06.608000
90,BINANCE:BTCUSDT,20260331,22406,BINANCE,66305.19,66305.2,0.00112,1.61339,0.00999999999476131,66305.195,2026-03-31 02:24:06.609000
91,BINANCE:BTCUSDT,20260331,22406,BINANCE,66305.19,66305.2,0.00112,1.61355,0.00999999999476131,66305.195,2026-03-31 02:24:06.609000
92,BINANCE:BTCUSDT,20260331,22406,BINANCE,66305.19,66305.2,0.00112,1.61485,0.00999999999476131,66305.195,2026-03-31 02:24:06.609000
93,BINANCE:BTCUSDT,20260331,22406,BINANCE,66305.19,66305.2,0.0012,1.61485,0.00999999999476131,66305.195,2026-03-31 02:24:06.609000
94,BINANCE:BTCUSDT,20260331,22406,BINANCE,66305.19,66305.2,0.00136,1.61485,0.00999999999476131,66305.195,2026-03-31 02:24:06.609000
95,BINANCE:BTCUSDT,20260331,22406,BINANCE,66305.19,66305.2,0.00136,1.57485,0.00999999999476131,66305.195,2026-03-31 02:24:06.609000
96,BINANCE:BTCUSDT,20260331,22406,BINANCE,66305.19,66305.2,0.00136,1.8785,0.00999999999476131,66305.195,2026-03-31 02:24:06.610000
97,BINANCE:BTCUSDT,20260331,22406,BINANCE,66305.19,66305.2,0.00144,1.8785,0.00999999999476131,66305.195,2026-03-31 02:24:06.610000
98,BINANCE:BTCUSDT,20260331,22406,BINANCE,66305.19,66305.2,0.00152,1.8785,0.00999999999476131,66305.195,2026-03-31 02:24:06.610000
99,BINANCE:BTCUSDT,20260331,22406,BINANCE,66305.19,66305.2,0.00152,1.88151,0.00999999999476131,66305.195,2026-03-31 02:24:06.610000
100,BINANCE:BNBUSDT,20260331,22406,BINANCE,608.81,608.82,44.392,82.466,0.010000000000104592,608.815,2026-03-31 02:24:06.610000
101,BINANCE:BTCUSDT,20260331,22406,BINANCE,66305.19,66305.2,0.00152,2.11734,0.00999999999476131,66305.195,2026-03-31 02:24:06.611000
102,BINANCE:BTCUSDT,20260331,22406,BINANCE,66305.19,66305.2,0.0016,2.11734,0.00999999999476131,66305.195,2026-03-31 02:24:06.611000
103,BINANCE:BTCUSDT,20260331,22406,BINANCE,66305.19,66305.2,0.0016,2.15344,0.00999999999476131,66305.195,2026-03-31 02:24:06.611000
104,BINANCE:BTCUSDT,20260331,22406,BINANCE,66305.19,66305.2,0.00168,2.15344,0.00999999999476131,66305.195,2026-03-31 02:24:06.611000
105,BINANCE:BTCUSDT,20260331,22406,BINANCE,66305.19,66305.2,0.00168,2.15352,0.00999999999476131,66305.195,2026-03-31 02:24:06.611000
106,BINANCE:BTCUSDT,20260331,22406,BINANCE,66305.19,66305.2,0.00176,2.15352,0.00999999999476131,66305.195,2026-03-31 02:24:06.612000
107,BINANCE:BTCUSDT,20260331,22406,BINANCE,66305.19,66305.2,0.00176,2.20352,0.00999999999476131,66305.195,2026-03-31 02:24:06.612000
108,BINANCE:BTCUSDT,20260331,22406,BINANCE,66305.19,66305.2,0.00184,2.20352,0.00999999999476131,66305.195,2026-03-31 02:24:06.612000
109,BINANCE:BTCUSDT,20260331,22406,BINANCE,66305.19,66305.2,0.00184,2.2036,0.00999999999476131,66305.195,2026-03-31 02:24:06.612000
110,BINANCE:BTCUSDT,20260331,22406,BINANCE,66305.19,66305.2,0.00184,2.69845,0.00999999999476131,66305.195,2026-03-31 02:24:06.612000
111,BINANCE:BTCUSDT,20260331,22406,BINANCE,66305.19,66305.2,0.00184,2.69861,0.00999999999476131,66305.195,2026-03-31 02:24:06.612000
112,BINANCE:BTCUSDT,20260331,22406,BINANCE,66305.19,66305.2,0.00192,2.69861,0.00999999999476131,66305.195,2026-03-31 02:24:06.613000
113,BINANCE:BTCUSDT,20260331,22406,BINANCE,66305.19,66305.2,0.00192,2.71861,0.00999999999476131,66305.195,2026-03-31 02:24:06.613000
114,BINANCE:ETHUSDT,20260331,22406,BINANCE,2015.61,2015.62,9.65,41.9813,0.009999999999990905,2015.6149999999998,2026-03-31 02:24:06.613000
115,BINANCE:BTCUSDT,20260331,22406,BINANCE,66305.19,66305.2,0.002,2.71861,0.00999999999476131,66305.195,2026-03-31 02:24:06.613000
116,BINANCE:BTCUSDT,20260331,22406,BINANCE,66305.19,66305.2,0.002,2.71877,0.00999999999476131,66305.195,2026-03-31 02:24:06.614000
117,BINANCE:BTCUSDT,20260331,22406,BINANCE,66305.19,66305.2,0.00192,2.71877,0.00999999999476131,66305.195,2026-03-31 02:24:06.614000
118,BINANCE:BTCUSDT,20260331,22406,BINANCE,66305.19,66305.2,0.00192,2.71885,0.00999999999476131,66305.195,2026-03-31 02:24:06.614000
119,BINANCE:BTCUSDT,20260331,22406,BINANCE,66305.19,66305.2,0.00192,2.71893,0.00999999999476131,66305.195,2026-03-31 02:24:06.614000
120,BINANCE:BTCUSDT,20260331,22406,BINANCE,66305.19,66305.2,0.002,2.71893,0.00999999999476131,66305.195,2026-03-31 02:24:06.614000
121,BINANCE:ETHUSDT,20260331,22406,BINANCE,2015.61,2015.62,15.987,41.9813,0.009999999999990905,2015.6149999999998,2026-03-31 02:24:06.649000
122,BINANCE:BNBUSDT,20260331,22406,BINANCE,608.81,608.82,44.392,82.439,0.010000000000104592,608.815,2026-03-31 02:24:06.649000
123,BINANCE:BTCUSDT,20260331,22406,BINANCE,66305.19,66305.2,0.002,2.71917,0.00999999999476131,66305.195,2026-03-31 02:24:06.650000
124,BINANCE:ETHUSDT,20260331,22406,BINANCE,2015.61,2015.62,16.024,41.9813,0.009999999999990905,2015.6149999999998,2026-03-31 02:24:06.650000
125,BINANCE:ETHUSDT,20260331,22406,BINANCE,2015.61,2015.62,17.5791,41.9813,0.009999999999990905,2015.6149999999998,2026-03-31 02:24:06.650000
126,BINANCE:BNBUSDT,20260331,22406,BINANCE,608.81,608.82,44.392,83.179,0.010000000000104592,608.815,2026-03-31 02:24:06.651000
127,BINANCE:BNBUSDT,20260331,22406,BINANCE,608.81,608.82,44.392,83.919,0.010000000000104592,608.815,2026-03-31 02:24:06.651000
128,BINANCE:BNBUSDT,20260331,22406,BINANCE,608.81,608.82,44.392,84.659,0.010000000000104592,608.815,2026-03-31 02:24:06.651000
129,BINANCE:BNBUSDT,20260331,22406,BINANCE,608.81,608.82,44.392,85.399,0.010000000000104592,608.815,2026-03-31 02:24:06.651000
130,BINANCE:ETHUSDT,20260331,22406,BINANCE,2015.61,2015.62,17.5765,41.9813,0.009999999999990905,2015.6149999999998,2026-03-31 02:24:06.652000
131,BINANCE:BNBUSDT,20260331,22406,BINANCE,608.81,608.82,44.392,86.937,0.010000000000104592,608.815,2026-03-31 02:24:06.652000
132,BINANCE:BTCUSDT,20260331,22406,BINANCE,66305.19,66305.2,0.002,2.71965,0.00999999999476131,66305.195,2026-03-31 02:24:06.652000
133,BINANCE:BTCUSDT,20260331,22406,BINANCE,66305.19,66305.2,0.002,2.72012,0.00999999999476131,66305.195,2026-03-31 02:24:06.652000
134,BINANCE:BTCUSDT,20260331,22406,BINANCE,66305.19,66305.2,0.002,2.72059,0.00999999999476131,66305.195,2026-03-31 02:24:06.653000
135,BINANCE:BTCUSDT,20260331,22406,BINANCE,66305.19,66305.2,0.002,2.72128,0.00999999999476131,66305.195,2026-03-31 02:24:06.653000
136,BINANCE:BTCUSDT,20260331,22406,BINANCE,66302.43,66302.44,0.00024,0.08083,0.010000000009313226,66302.435,2026-03-31 02:24:06.653000
137,BINANCE:BTCUSDT,20260331,22406,BINANCE,66302.43,66302.44,0.00024,0.19255,0.010000000009313226,66302.435,2026-03-31 02:24:06.653000
138,BINANCE:BTCUSDT,20260331,22406,BINANCE,66302.43,66302.44,0.00024,0.30667,0.010000000009313226,66302.435,2026-03-31 02:24:06.654000
139,BINANCE:BTCUSDT,20260331,22406,BINANCE,66302.43,66302.44,0.00024,0.50575,0.010000000009313226,66302.435,2026-03-31 02:24:06.654000
140,BINANCE:BTCUSDT,20260331,22406,BINANCE,66302.43,66302.44,0.02667,0.50575,0.010000000009313226,66302.435,2026-03-31 02:24:06.654000
141,BINANCE:BTCUSDT,20260331,22406,BINANCE,66302.43,66302.44,0.02667,1.02856,0.010000000009313226,66302.435,2026-03-31 02:24:06.697000
142,BINANCE:BTCUSDT,20260331,22406,BINANCE,66302.43,66302.44,0.02667,1.06546,0.010000000009313226,66302.435,2026-03-31 02:24:06.697000
143,BINANCE:BTCUSDT,20260331,22406,BINANCE,66302.43,66302.44,0.02667,1.13559,0.010000000009313226,66302.435,2026-03-31 02:24:06.697000
144,BINANCE:BTCUSDT,20260331,22406,BINANCE,66302.43,66302.44,0.02667,1.17249,0.010000000009313226,66302.435,2026-03-31 02:24:06.697000
145,BINANCE:BTCUSDT,20260331,22406,BINANCE,66302.43,66302.44,0.02667,1.17493,0.010000000009313226,66302.435,2026-03-31 02:24:06.697000
146,BINANCE:BTCUSDT,20260331,22406,BINANCE,66302.43,66302.44,0.02667,1.17509,0.010000000009313226,66302.435,2026-03-31 02:24:06.698000
147,BINANCE:BTCUSDT,20260331,22406,BINANCE,66302.43,66302.44,0.02667,1.28873,0.010000000009313226,66302.435,2026-03-31 02:24:06.698000
148,BINANCE:BTCUSDT,20260331,22406,BINANCE,66302.43,66302.44,0.02675,1.28873,0.010000000009313226,66302.435,2026-03-31 02:24:06.698000
149,BINANCE:BTCUSDT,20260331,22406,BINANCE,66302.43,66302.44,0.02675,1.4379,0.010000000009313226,66302.435,2026-03-31 02:24:06.698000
150,BINANCE:BTCUSDT,20260331,22406,BINANCE,66302.43,66302.44,0.02675,1.43798,0.010000000009313226,66302.435,2026-03-31 02:24:06.698000
151,BINANCE:BTCUSDT,20260331,22406,BINANCE,66302.43,66302.44,0.02683,1.43798,0.010000000009313226,66302.435,2026-03-31 02:24:06.699000
152,BINANCE:BTCUSDT,20260331,22406,BINANCE,66302.43,66302.44,0.02691,1.43798,0.010000000009313226,66302.435,2026-03-31 02:24:06.699000
153,BINANCE:BTCUSDT,20260331,22406,BINANCE,66302.43,66302.44,0.02699,1.43798,0.010000000009313226,66302.435,2026-03-31 02:24:06.699000
154,BINANCE:BTCUSDT,20260331,22406,BINANCE,66302.43,66302.44,0.02699,1.45798,0.010000000009313226,66302.435,2026-03-31 02:24:06.699000
155,BINANCE:BTCUSDT,20260331,22406,BINANCE,66302.43,66302.44,0.02699,1.69381,0.010000000009313226,66302.435,2026-03-31 02:24:06.699000
156,BINANCE:BTCUSDT,20260331,22406,BINANCE,66302.43,66302.44,0.02707,1.69381,0.010000000009313226,66302.435,2026-03-31 02:24:06.700000
157,BINANCE:BTCUSDT,20260331,22406,BINANCE,66302.43,66302.44,0.02707,1.69682,0.010000000009313226,66302.435,2026-03-31 02:24:06.700000
158,BINANCE:BTCUSDT,20260331,22406,BINANCE,66302.43,66302.44,0.02707,1.70534,0.010000000009313226,66302.435,2026-03-31 02:24:06.700000
159,BINANCE:BTCUSDT,20260331,22406,BINANCE,66302.43,66302.44,0.14378,1.70534,0.010000000009313226,66302.435,2026-03-31 02:24:06.700000
160,BINANCE:BTCUSDT,20260331,22406,BINANCE,66302.43,66302.44,0.14386,1.70534,0.010000000009313226,66302.435,2026-03-31 02:24:06.700000
161,BINANCE:BTCUSDT,20260331,22406,BINANCE,66302.43,66302.44,0.14386,1.70714,0.010000000009313226,66302.435,2026-03-31 02:24:06.700000
162,BINANCE:BTCUSDT,20260331,22406,BINANCE,66302.43,66302.44,0.14402,1.70714,0.010000000009313226,66302.435,2026-03-31 02:24:06.701000
163,BINANCE:BTCUSDT,20260331,22406,BINANCE,66302.43,66302.44,0.14402,1.82174,0.010000000009313226,66302.435,2026-03-31 02:24:06.701000
164,BINANCE:BTCUSDT,20260331,22406,BINANCE,66302.43,66302.44,0.14402,1.82182,0.010000000009313226,66302.435,2026-03-31 02:24:06.701000
165,BINANCE:BTCUSDT,20260331,22406,BINANCE,66302.43,66302.44,0.14402,1.8219,0.010000000009313226,66302.435,2026-03-31 02:24:06.701000
166,BINANCE:BTCUSDT,20260331,22406,BINANCE,66302.43,66302.44,0.14402,1.97262,0.010000000009313226,66302.435,2026-03-31 02:24:06.701000
167,BINANCE:BTCUSDT,20260331,22406,BINANCE,66302.43,66302.44,0.1441,1.97262,0.010000000009313226,66302.435,2026-03-31 02:24:06.701000
168,BINANCE:BTCUSDT,20260331,22406,BINANCE,66302.43,66302.44,0.1441,2.19527,0.010000000009313226,66302.435,2026-03-31 02:24:06.702000
169,BINANCE:BTCUSDT,20260331,22406,BINANCE,66302.43,66302.44,0.26132,2.19527,0.010000000009313226,66302.435,2026-03-31 02:24:06.702000
170,BINANCE:BTCUSDT,20260331,22406,BINANCE,66302.43,66302.44,0.2614,2.19527,0.010000000009313226,66302.435,2026-03-31 02:24:06.702000
171,BINANCE:BTCUSDT,20260331,22406,BINANCE,66302.43,66302.44,0.26148,2.19527,0.010000000009313226,66302.435,2026-03-31 02:24:06.702000
172,BINANCE:BTCUSDT,20260331,22406,BINANCE,66302.43,66302.44,0.26156,2.19527,0.010000000009313226,66302.435,2026-03-31 02:24:06.702000
173,BINANCE:BTCUSDT,20260331,22406,BINANCE,66302.43,66302.44,0.26164,2.19527,0.010000000009313226,66302.435,2026-03-31 02:24:06.702000
174,BINANCE:BTCUSDT,20260331,22406,BINANCE,66302.43,66302.44,0.26172,2.19527,0.010000000009313226,66302.435,2026-03-31 02:24:06.702000
175,BINANCE:BTCUSDT,20260331,22406,BINANCE,66302.43,66302.44,0.26172,2.40447,0.010000000009313226,66302.435,2026-03-31 02:24:06.703000
176,BINANCE:BTCUSDT,20260331,22406,BINANCE,66302.43,66302.44,0.37087,2.40447,0.010000000009313226,66302.435,2026-03-31 02:24:06.703000
177,BINANCE:BTCUSDT,20260331,22406,BINANCE,66302.43,66302.44,0.37095,2.40447,0.010000000009313226,66302.435,2026-03-31 02:24:06.703000
178,BINANCE:BTCUSDT,20260331,22406,BINANCE,66302.43,66302.44,0.37103,2.40447,0.010000000009313226,66302.435,2026-03-31 02:24:06.703000
179,BINANCE:BTCUSDT,20260331,22406,BINANCE,66302.43,66302.44,0.37111,2.40447,0.010000000009313226,66302.435,2026-03-31 02:24:06.703000
180,BINANCE:BTCUSDT,20260331,22406,BINANCE,66302.43,66302.44,0.37111,2.4704,0.010000000009313226,66302.435,2026-03-31 02:24:06.703000
181,BINANCE:BTCUSDT,20260331,22406,BINANCE,66302.43,66302.44,0.37111,2.7194,0.010000000009313226,66302.435,2026-03-31 02:24:06.704000
182,BINANCE:BTCUSDT,20260331,22406,BINANCE,66302.43,66302.44,0.37111,2.72544,0.010000000009313226,66302.435,2026-03-31 02:24:06.704000
183,BINANCE:BTCUSDT,20260331,22406,BINANCE,66302.43,66302.44,0.37119,2.72544,0.010000000009313226,66302.435,2026-03-31 02:24:06.704000
184,BINANCE:BTCUSDT,20260331,22406,BINANCE,66302.43,66302.44,0.37119,2.90464,0.010000000009313226,66302.435,2026-03-31 02:24:06.704000
185,BINANCE:BTCUSDT,20260331,22406,BINANCE,66302.43,66302.44,0.37119,2.91068,0.010000000009313226,66302.435,2026-03-31 02:24:06.704000
186,BINANCE:BTCUSDT,20260331,22406,BINANCE,66302.43,66302.44,0.37127,2.91068,0.010000000009313226,66302.435,2026-03-31 02:24:06.704000
187,BINANCE:BTCUSDT,20260331,22406,BINANCE,66302.43,66302.44,0.37127,3.21433,0.010000000009313226,66302.435,2026-03-31 02:24:06.704000
188,BINANCE:BTCUSDT,20260331,22406,BINANCE,66302.43,66302.44,0.37127,3.65547,0.010000000009313226,66302.435,2026-03-31 02:24:06.705000
189,BINANCE:BTCUSDT,20260331,22406,BINANCE,66302.43,66302.44,0.37135,3.65547,0.010000000009313226,66302.435,2026-03-31 02:24:06.705000
190,BINANCE:BTCUSDT,20260331,22406,BINANCE,66302.43,66302.44,0.37135,3.68525,0.010000000009313226,66302.435,2026-03-31 02:24:06.705000
191,BINANCE:BTCUSDT,20260331,22406,BINANCE,66302.43,66302.44,0.37135,3.8211,0.010000000009313226,66302.435,2026-03-31 02:24:06.705000
192,BINANCE:BTCUSDT,20260331,22406,BINANCE,66302.43,66302.44,0.37135,3.70746,0.010000000009313226,66302.435,2026-03-31 02:24:06.706000
193,BINANCE:BTCUSDT,20260331,22406,BINANCE,66302.43,66302.44,0.37143,3.70746,0.010000000009313226,66302.435,2026-03-31 02:24:06.706000
194,BINANCE:BTCUSDT,20260331,22406,BINANCE,66302.43,66302.44,0.37143,3.90706,0.010000000009313226,66302.435,2026-03-31 02:24:06.706000
195,BINANCE:BTCUSDT,20260331,22406,BINANCE,66302.43,66302.44,0.37151,3.90706,0.010000000009313226,66302.435,2026-03-31 02:24:06.706000
196,BINANCE:BTCUSDT,20260331,22406,BINANCE,66302.43,66302.44,0.37159,3.90706,0.010000000009313226,66302.435,2026-03-31 02:24:06.706000
197,BINANCE:BTCUSDT,20260331,22406,BINANCE,66302.43,66302.44,0.37167,3.90706,0.010000000009313226,66302.435,2026-03-31 02:24:06.706000
198,BINANCE:BTCUSDT,20260331,22406,BINANCE,66302.43,66302.44,0.37175,3.90706,0.010000000009313226,66302.435,2026-03-31 02:24:06.707000
199,BINANCE:BTCUSDT,20260331,22406,BINANCE,66302.43,66302.44,0.37183,3.90706,0.010000000009313226,66302.435,2026-03-31 02:24:06.707000
200,BINANCE:BTCUSDT,20260331,22406,BINANCE,66302.43,66302.44,0.37183,3.79246,0.010000000009313226,66302.435,2026-03-31 02:24:06.707000
201,BINANCE:BTCUSDT,20260331,22406,BINANCE,66302.43,66302.44,0.37183,4.27491,0.010000000009313226,66302.435,2026-03-31 02:24:06.707000
202,BINANCE:BTCUSDT,20260331,22406,BINANCE,66302.43,66302.44,0.37191,4.27491,0.010000000009313226,66302.435,2026-03-31 02:24:06.707000
203,BINANCE:BTCUSDT,20260331,22406,BINANCE,66302.43,66302.44,0.37191,4.27507,0.010000000009313226,66302.435,2026-03-31 02:24:06.707000
204,BINANCE:BTCUSDT,20260331,22406,BINANCE,66302.43,66302.44,0.37207,4.27507,0.010000000009313226,66302.435,2026-03-31 02:24:06.708000
205,BINANCE:BTCUSDT,20260331,22406,BINANCE,66302.43,66302.44,0.37207,4.27515,0.010000000009313226,66302.435,2026-03-31 02:24:06.708000
206,BINANCE:BTCUSDT,20260331,22406,BINANCE,66302.43,66302.44,0.37207,4.27678,0.010000000009313226,66302.435,2026-03-31 02:24:06.708000
207,BINANCE:BTCUSDT,20260331,22406,BINANCE,66302.43,66302.44,0.37207,4.27694,0.010000000009313226,66302.435,2026-03-31 02:24:06.708000
208,BINANCE:BTCUSDT,20260331,22406,BINANCE,66302.43,66302.44,0.37207,4.27531,0.010000000009313226,66302.435,2026-03-31 02:24:06.708000
209,BINANCE:BTCUSDT,20260331,22406,BINANCE,66302.43,66302.44,0.37199,4.27531,0.010000000009313226,66302.435,2026-03-31 02:24:06.709000
210,BINANCE:BTCUSDT,20260331,22406,BINANCE,66302.43,66302.44,0.37191,4.27531,0.010000000009313226,66302.435,2026-03-31 02:24:06.709000
211,BINANCE:BTCUSDT,20260331,22406,BINANCE,66302.43,66302.44,0.37191,4.27539,0.010000000009313226,66302.435,2026-03-31 02:24:06.709000
212,BINANCE:BTCUSDT,20260331,22406,BINANCE,66302.43,66302.44,0.37199,4.27539,0.010000000009313226,66302.435,2026-03-31 02:24:06.709000
213,BINANCE:BTCUSDT,20260331,22406,BINANCE,66302.43,66302.44,0.37191,4.27539,0.010000000009313226,66302.435,2026-03-31 02:24:06.709000
214,BINANCE:BTCUSDT,20260331,22406,BINANCE,66302.43,66302.44,0.37199,4.27539,0.010000000009313226,66302.435,2026-03-31 02:24:06.709000
215,BINANCE:BTCUSDT,20260331,22406,BINANCE,66302.43,66302.44,0.37191,4.27539,0.010000000009313226,66302.435,2026-03-31 02:24:06.710000
216,BINANCE:BTCUSDT,20260331,22406,BINANCE,66302.43,66302.44,0.37183,4.27539,0.010000000009313226,66302.435,2026-03-31 02:24:06.710000
217,BINANCE:BTCUSDT,20260331,22406,BINANCE,66302.43,66302.44,0.37175,4.27539,0.010000000009313226,66302.435,2026-03-31 02:24:06.710000
218,BINANCE:BTCUSDT,20260331,22406,BINANCE,66302.43,66302.44,0.37183,4.27539,0.010000000009313226,66302.435,2026-03-31 02:24:06.710000
219,BINANCE:BTCUSDT,20260331,22406,BINANCE,66302.43,66302.44,0.37191,4.27539,0.010000000009313226,66302.435,2026-03-31 02:24:06.710000
220,BINANCE:BTCUSDT,20260331,22406,BINANCE,66302.43,66302.44,0.37199,4.27539,0.010000000009313226,66302.435,2026-03-31 02:24:06.710000
221,BINANCE:BTCUSDT,20260331,22406,BINANCE,66302.43,66302.44,0.37191,4.27539,0.010000000009313226,66302.435,2026-03-31 02:24:06.711000
222,BINANCE:BTCUSDT,20260331,22406,BINANCE,66302.43,66302.44,0.37191,4.27547,0.010000000009313226,66302.435,2026-03-31 02:24:06.711000
223,BINANCE:BTCUSDT,20260331,22406,BINANCE,66302.43,66302.44,0.37207,4.27547,0.010000000009313226,66302.435,2026-03-31 02:24:06.711000
224,BINANCE:BTCUSDT,20260331,22406,BINANCE,66302.43,66302.44,0.37207,4.27555,0.010000000009313226,66302.435,2026-03-31 02:24:06.711000
225,BINANCE:BTCUSDT,20260331,22406,BINANCE,66302.43,66302.44,0.37207,4.27603,0.010000000009313226,66302.435,2026-03-31 02:24:06.711000
226,BINANCE:BTCUSDT,20260331,22406,BINANCE,66302.43,66302.44,0.37207,4.27673,0.010000000009313226,66302.435,2026-03-31 02:24:06.711000
227,BINANCE:BTCUSDT,20260331,22406,BINANCE,66302.43,66302.44,0.37207,4.27721,0.010000000009313226,66302.435,2026-03-31 02:24:06.712000
228,BINANCE:BTCUSDT,20260331,22406,BINANCE,66302.43,66302.44,0.37207,4.27769,0.010000000009313226,66302.435,2026-03-31 02:24:06.712000
229,BINANCE:BTCUSDT,20260331,22406,BINANCE,66302.43,66302.44,0.37207,4.27958,0.010000000009313226,66302.435,2026-03-31 02:24:06.712000
230,BINANCE:ETHUSDT,20260331,22406,BINANCE,2015.61,2015.62,17.5739,41.9813,0.009999999999990905,2015.6149999999998,2026-03-31 02:24:06.712000
231,BINANCE:ETHUSDT,20260331,22406,BINANCE,2015.61,2015.62,17.5713,41.9813,0.009999999999990905,2015.6149999999998,2026-03-31 02:24:06.712000
232,BINANCE:ETHUSDT,20260331,22406,BINANCE,2015.61,2015.62,17.5687,41.9813,0.009999999999990905,2015.6149999999998,2026-03-31 02:24:06.712000
233,BINANCE:BTCUSDT,20260331,22406,BINANCE,66302.43,66302.44,0.37199,4.27958,0.010000000009313226,66302.435,2026-03-31 02:24:06.713000
234,BINANCE:BTCUSDT,20260331,22406,BINANCE,66302.43,66302.44,0.37191,4.27958,0.010000000009313226,66302.435,2026-03-31 02:24:06.713000
235,BINANCE:BTCUSDT,20260331,22406,BINANCE,66302.43,66302.44,0.37199,4.27958,0.010000000009313226,66302.435,2026-03-31 02:24:06.713000
236,BINANCE:BTCUSDT,20260331,22406,BINANCE,66302.43,66302.44,0.37207,4.27958,0.010000000009313226,66302.435,2026-03-31 02:24:06.713000
237,BINANCE:BTCUSDT,20260331,22406,BINANCE,66302.43,66302.44,0.37215,4.27958,0.010000000009313226,66302.435,2026-03-31 02:24:06.713000
238,BINANCE:ETHUSDT,20260331,22406,BINANCE,2015.61,2015.62,17.5713,41.9813,0.009999999999990905,2015.6149999999998,2026-03-31 02:24:06.713000
239,BINANCE:BNBUSDT,20260331,22406,BINANCE,608.81,608.82,43.392,86.937,0.010000000000104592,608.815,2026-03-31 02:24:06.733000
240,BINANCE:BNBUSDT,20260331,22406,BINANCE,608.81,608.82,42.262,86.937,0.010000000000104592,608.815,2026-03-31 02:24:06.733000
241,BINANCE:BNBUSDT,20260331,22406,BINANCE,608.81,608.82,38.262,86.937,0.010000000000104592,608.815,2026-03-31 02:24:06.735000
242,BINANCE:BNBUSDT,20260331,22406,BINANCE,608.81,608.82,28.921,86.937,0.010000000000104592,608.815,2026-03-31 02:24:06.735000
243,BINANCE:BNBUSDT,20260331,22406,BINANCE,608.81,608.82,28.321,86.937,0.010000000000104592,608.815,2026-03-31 02:24:06.735000
244,BINANCE:BNBUSDT,20260331,22406,BINANCE,608.81,608.82,21.474,86.937,0.010000000000104592,608.815,2026-03-31 02:24:06.740000
245,BINANCE:BNBUSDT,20260331,22406,BINANCE,608.81,608.82,16.414,86.937,0.010000000000104592,608.815,2026-03-31 02:24:06.741000
246,BINANCE:BNBUSDT,20260331,22406,BINANCE,608.81,608.82,12.815,86.937,0.010000000000104592,608.815,2026-03-31 02:24:06.741000
247,BINANCE:BNBUSDT,20260331,22406,BINANCE,608.81,608.82,7.139,86.937,0.010000000000104592,608.815,2026-03-31 02:24:06.741000
248,BINANCE:BNBUSDT,20260331,22406,BINANCE,608.8,608.82,2.674,86.937,0.020000000000095497,608.81,2026-03-31 02:24:06.741000
249,BINANCE:BNBUSDT,20260331,22406,BINANCE,608.8,608.81,2.674,3.62,0.009999999999990905,608.805,2026-03-31 02:24:06.741000
250,BINANCE:BNBUSDT,20260331,22406,BINANCE,608.8,608.81,2.674,5.617,0.009999999999990905,608.805,2026-03-31 02:24:06.741000
251,BINANCE:BNBUSDT,20260331,22406,BINANCE,608.8,608.81,2.674,14.497,0.009999999999990905,608.805,2026-03-31 02:24:06.742000
252,BINANCE:BNBUSDT,20260331,22406,BINANCE,608.8,608.81,2.674,18.125,0.009999999999990905,608.805,2026-03-31 02:24:06.742000
253,BINANCE:BNBUSDT,20260331,22406,BINANCE,608.8,608.81,2.674,22.663,0.009999999999990905,608.805,2026-03-31 02:24:06.742000
254,BINANCE:BNBUSDT,20260331,22406,BINANCE,608.79,608.81,0.036,22.663,0.01999999999998181,608.8,2026-03-31 02:24:06.742000
255,BINANCE:BNBUSDT,20260331,22406,BINANCE,608.79,608.8,0.036,1.997,0.009999999999990905,608.795,2026-03-31 02:24:06.742000
256,BINANCE:BNBUSDT,20260331,22406,BINANCE,608.79,608.8,0.036,5.797,0.009999999999990905,608.795,2026-03-31 02:24:06.742000
257,BINANCE:BNBUSDT,20260331,22406,BINANCE,608.79,608.8,0.045,5.797,0.009999999999990905,608.795,2026-03-31 02:24:06.742000
258,BINANCE:BNBUSDT,20260331,22406,BINANCE,608.79,608.8,0.045,9.601,0.009999999999990905,608.795,2026-03-31 02:24:06.743000
259,BINANCE:BNBUSDT,20260331,22406,BINANCE,608.79,608.8,0.045,11.61,0.009999999999990905,608.795,2026-03-31 02:24:06.743000
260,BINANCE:BNBUSDT,20260331,22406,BINANCE,608.79,608.8,0.054,11.61,0.009999999999990905,608.795,2026-03-31 02:24:06.743000
261,BINANCE:BNBUSDT,20260331,22406,BINANCE,608.79,608.8,0.054,20.859,0.009999999999990905,608.795,2026-03-31 02:24:06.743000
262,BINANCE:BNBUSDT,20260331,22406,BINANCE,608.77,608.78,0.044,4.471,0.009999999999990905,608.775,2026-03-31 02:24:06.743000
263,BINANCE:BNBUSDT,20260331,22406,BINANCE,608.77,608.78,0.044,8.271,0.009999999999990905,608.775,2026-03-31 02:24:06.743000
264,BINANCE:BNBUSDT,20260331,22406,BINANCE,608.77,608.78,0.044,10.269,0.009999999999990905,608.775,2026-03-31 02:24:06.744000
265,BINANCE:BNBUSDT,20260331,22406,BINANCE,608.77,608.78,0.044,13.973,0.009999999999990905,608.775,2026-03-31 02:24:06.744000
266,BINANCE:BTCUSDT,20260331,22406,BINANCE,66302.43,66302.44,0.25493,4.27958,0.010000000009313226,66302.435,2026-03-31 02:24:06.744000
267,BINANCE:ETHUSDT,20260331,22406,BINANCE,2015.61,2015.62,11.2343,41.9813,0.009999999999990905,2015.6149999999998,2026-03-31 02:24:06.746000
268,BINANCE:BNBUSDT,20260331,22406,BINANCE,608.77,608.78,0.044,15.934,0.009999999999990905,608.775,2026-03-31 02:24:06.747000
269,BINANCE:BNBUSDT,20260331,22406,BINANCE,608.77,608.78,0.035,15.934,0.009999999999990905,608.775,2026-03-31 02:24:06.747000
270,BINANCE:BNBUSDT,20260331,22406,BINANCE,608.77,608.78,0.035,12.23,0.009999999999990905,608.775,2026-03-31 02:24:06.747000
271,BINANCE:BNBUSDT,20260331,22406,BINANCE,608.77,608.78,0.044,12.23,0.009999999999990905,608.775,2026-03-31 02:24:06.749000
272,BINANCE:BNBUSDT,20260331,22406,BINANCE,608.77,608.78,0.053,12.23,0.009999999999990905,608.775,2026-03-31 02:24:06.749000
273,BINANCE:BNBUSDT,20260331,22406,BINANCE,608.77,608.78,0.062,12.23,0.009999999999990905,608.775,2026-03-31 02:24:06.749000
274,BINANCE:BNBUSDT,20260331,22406,BINANCE,608.77,608.78,0.062,17.732,0.009999999999990905,608.775,2026-03-31 02:24:06.749000
275,BINANCE:BNBUSDT,20260331,22406,BINANCE,608.77,608.78,0.062,19.172,0.009999999999990905,608.775,2026-03-31 02:24:06.749000
276,BINANCE:BNBUSDT,20260331,22406,BINANCE,608.77,608.78,0.071,19.172,0.009999999999990905,608.775,2026-03-31 02:24:06.750000
277,BINANCE:BNBUSDT,20260331,22406,BINANCE,608.76,608.77,0.122,1.914,0.009999999999990905,608.765,2026-03-31 02:24:06.750000
278,BINANCE:BNBUSDT,20260331,22406,BINANCE,608.76,608.77,0.122,5.542,0.009999999999990905,608.765,2026-03-31 02:24:06.750000
279,BINANCE:BNBUSDT,20260331,22406,BINANCE,608.76,608.77,0.122,9.518,0.009999999999990905,608.765,2026-03-31 02:24:06.750000
280,BINANCE:BNBUSDT,20260331,22406,BINANCE,608.76,608.77,0.122,13.278,0.009999999999990905,608.765,2026-03-31 02:24:06.750000
281,BINANCE:BNBUSDT,20260331,22406,BINANCE,608.76,608.77,0.122,13.398,0.009999999999990905,608.765,2026-03-31 02:24:06.750000
282,BINANCE:BNBUSDT,20260331,22406,BINANCE,608.76,608.77,0.122,13.836,0.009999999999990905,608.765,2026-03-31 02:24:06.751000
283,BINANCE:BNBUSDT,20260331,22406,BINANCE,608.76,608.77,0.122,10.076,0.009999999999990905,608.765,2026-03-31 02:24:06.751000
284,BINANCE:BNBUSDT,20260331,22406,BINANCE,608.76,608.77,0.122,10.827,0.009999999999990905,608.765,2026-03-31 02:24:06.751000
285,BINANCE:BNBUSDT,20260331,22406,BINANCE,608.76,608.77,0.122,10.861,0.009999999999990905,608.765,2026-03-31 02:24:06.751000
286,BINANCE:BNBUSDT,20260331,22406,BINANCE,608.76,608.77,0.131,10.861,0.009999999999990905,608.765,2026-03-31 02:24:06.751000
287,BINANCE:BNBUSDT,20260331,22406,BINANCE,608.76,608.77,0.14,10.861,0.009999999999990905,608.765,2026-03-31 02:24:06.752000
288,BINANCE:BNBUSDT,20260331,22406,BINANCE,608.76,608.77,0.14,6.885,0.009999999999990905,608.765,2026-03-31 02:24:06.752000
289,BINANCE:BNBUSDT,20260331,22406,BINANCE,608.76,608.77,0.14,8.325,0.009999999999990905,608.765,2026-03-31 02:24:06.752000
290,BINANCE:BNBUSDT,20260331,22406,BINANCE,608.76,608.77,0.14,11.089,0.009999999999990905,608.765,2026-03-31 02:24:06.752000
291,BINANCE:BNBUSDT,20260331,22406,BINANCE,608.76,608.77,0.149,11.089,0.009999999999990905,608.765,2026-03-31 02:24:06.752000
292,BINANCE:BNBUSDT,20260331,22406,BINANCE,608.76,608.77,0.14,11.089,0.009999999999990905,608.765,2026-03-31 02:24:06.753000
293,BINANCE:BNBUSDT,20260331,22406,BINANCE,608.76,608.77,0.149,11.089,0.009999999999990905,608.765,2026-03-31 02:24:06.753000
294,BINANCE:BNBUSDT,20260331,22406,BINANCE,608.76,608.77,0.149,18.764,0.009999999999990905,608.765,2026-03-31 02:24:06.753000
295,BINANCE:BNBUSDT,20260331,22406,BINANCE,608.76,608.77,0.149,20.338,0.009999999999990905,608.765,2026-03-31 02:24:06.753000
296,BINANCE:BNBUSDT,20260331,22406,BINANCE,608.76,608.77,0.158,20.338,0.009999999999990905,608.765,2026-03-31 02:24:06.753000
297,BINANCE:BNBUSDT,20260331,22406,BINANCE,608.76,608.77,0.167,20.338,0.009999999999990905,608.765,2026-03-31 02:24:06.753000
298,BINANCE:BNBUSDT,20260331,22406,BINANCE,608.76,608.77,0.167,20.774,0.009999999999990905,608.765,2026-03-31 02:24:06.753000
299,BINANCE:BNBUSDT,20260331,22406,BINANCE,608.76,608.77,0.167,26.276,0.009999999999990905,608.765,2026-03-31 02:24:06.754000
300,BINANCE:BNBUSDT,20260331,22406,BINANCE,608.76,608.77,0.176,26.276,0.009999999999990905,608.765,2026-03-31 02:24:06.754000
301,BINANCE:BNBUSDT,20260331,22406,BINANCE,608.76,608.77,0.185,26.276,0.009999999999990905,608.765,2026-03-31 02:24:06.754000
302,BINANCE:ETHUSDT,20260331,22406,BINANCE,2015.61,2015.62,11.2369,41.9813,0.009999999999990905,2015.6149999999998,2026-03-31 02:24:06.754000
303,BINANCE:ETHUSDT,20260331,22406,BINANCE,2015.61,2015.62,11.2395,41.9813,0.009999999999990905,2015.6149999999998,2026-03-31 02:24:06.754000
304,BINANCE:ETHUSDT,20260331,22406,BINANCE,2015.61,2015.62,11.2421,41.9813,0.009999999999990905,2015.6149999999998,2026-03-31 02:24:06.754000
305,BINANCE:BNBUSDT,20260331,22406,BINANCE,608.76,608.77,0.185,28.368,0.009999999999990905,608.765,2026-03-31 02:24:06.755000
306,BINANCE:BNBUSDT,20260331,22406,BINANCE,608.76,608.77,0.185,34.351,0.009999999999990905,608.765,2026-03-31 02:24:06.755000
307,BINANCE:BNBUSDT,20260331,22406,BINANCE,608.76,608.77,0.185,32.259,0.009999999999990905,608.765,2026-03-31 02:24:06.755000
308,BINANCE:BNBUSDT,20260331,22406,BINANCE,608.76,608.77,0.185,32.268,0.009999999999990905,608.765,2026-03-31 02:24:06.755000
309,BINANCE:BNBUSDT,20260331,22406,BINANCE,608.76,608.77,0.185,95.278,0.009999999999990905,608.765,2026-03-31 02:24:06.755000
310,BINANCE:BNBUSDT,20260331,22406,BINANCE,608.76,608.77,0.185,95.158,0.009999999999990905,608.765,2026-03-31 02:24:06.756000
311,BINANCE:BTCUSDT,20260331,22406,BINANCE,66302.43,66302.44,0.25604,4.27958,0.010000000009313226,66302.435,2026-03-31 02:24:06.756000
312,BINANCE:BTCUSDT,20260331,22406,BINANCE,66302.43,66302.44,0.14689,4.27958,0.010000000009313226,66302.435,2026-03-31 02:24:06.756000
313,BINANCE:BNBUSDT,20260331,22406,BINANCE,608.76,608.77,0.185,95.178,0.009999999999990905,608.765,2026-03-31 02:24:06.756000
314,BINANCE:BTCUSDT,20260331,22406,BINANCE,66302.43,66302.44,0.14681,4.27958,0.010000000009313226,66302.435,2026-03-31 02:24:06.756000
315,BINANCE:BTCUSDT,20260331,22406,BINANCE,66302.43,66302.44,0.14673,4.27958,0.010000000009313226,66302.435,2026-03-31 02:24:06.757000
316,BINANCE:BTCUSDT,20260331,22406,BINANCE,66302.43,66302.44,0.14673,4.27966,0.010000000009313226,66302.435,2026-03-31 02:24:06.757000
317,BINANCE:BTCUSDT,20260331,22406,BINANCE,66302.43,66302.44,0.14681,4.27966,0.010000000009313226,66302.435,2026-03-31 02:24:06.757000
318,BINANCE:BTCUSDT,20260331,22406,BINANCE,66302.43,66302.44,0.14689,4.27966,0.010000000009313226,66302.435,2026-03-31 02:24:06.757000
319,BINANCE:ETHUSDT,20260331,22406,BINANCE,2015.61,2015.62,11.2421,42.0803,0.009999999999990905,2015.6149999999998,2026-03-31 02:24:06.758000
320,BINANCE:ETHUSDT,20260331,22406,BINANCE,2015.61,2015.62,16.1331,42.0803,0.009999999999990905,2015.6149999999998,2026-03-31 02:24:06.796000
321,BINANCE:BNBUSDT,20260331,22406,BINANCE,608.76,608.77,0.185,99.046,0.009999999999990905,608.765,2026-03-31 02:24:06.799000
322,BINANCE:ETHUSDT,20260331,22406,BINANCE,2015.61,2015.62,16.1305,42.0803,0.009999999999990905,2015.6149999999998,2026-03-31 02:24:06.805000
323,BINANCE:ETHUSDT,20260331,22406,BINANCE,2015.61,2015.62,16.1279,42.0803,0.009999999999990905,2015.6149999999998,2026-03-31 02:24:06.806000
324,BINANCE:ETHUSDT,20260331,22406,BINANCE,2015.61,2015.62,16.1253,42.0803,0.009999999999990905,2015.6149999999998,2026-03-31 02:24:06.808000
325,BINANCE:ETHUSDT,20260331,22406,BINANCE,2015.61,2015.62,16.1253,42.1793,0.009999999999990905,2015.6149999999998,2026-03-31 02:24:06.840000
326,BINANCE:BNBUSDT,20260331,22406,BINANCE,608.76,608.77,0.185,88.426,0.009999999999990905,608.765,2026-03-31 02:24:06.842000
327,BINANCE:BNBUSDT,20260331,22406,BINANCE,608.76,608.77,0.185,87.99,0.009999999999990905,608.765,2026-03-31 02:24:06.843000
328,BINANCE:BNBUSDT,20260331,22406,BINANCE,608.76,608.77,0.176,87.99,0.009999999999990905,608.765,2026-03-31 02:24:06.848000
329,BINANCE:BNBUSDT,20260331,22406,BINANCE,608.76,608.77,0.167,87.99,0.009999999999990905,608.765,2026-03-31 02:24:06.849000
330,BINANCE:BNBUSDT,20260331,22406,BINANCE,608.76,608.77,0.176,87.99,0.009999999999990905,608.765,2026-03-31 02:24:06.849000
331,BINANCE:BTCUSDT,20260331,22406,BINANCE,66302.43,66302.44,0.14681,4.27966,0.010000000009313226,66302.435,2026-03-31 02:24:06.855000
332,BINANCE:BTCUSDT,20260331,22406,BINANCE,66302.43,66302.44,0.14689,4.27966,0.010000000009313226,66302.435,2026-03-31 02:24:06.855000
333,BINANCE:BTCUSDT,20260331,22406,BINANCE,66302.43,66302.44,0.14697,4.27966,0.010000000009313226,66302.435,2026-03-31 02:24:06.855000
334,BINANCE:BTCUSDT,20260331,22406,BINANCE,66302.43,66302.44,0.14689,4.27966,0.010000000009313226,66302.435,2026-03-31 02:24:06.904000
335,BINANCE:BTCUSDT,20260331,22406,BINANCE,66302.43,66302.44,0.14681,4.27966,0.010000000009313226,66302.435,2026-03-31 02:24:06.905000
336,BINANCE:BNBUSDT,20260331,22406,BINANCE,608.73,608.77,0.058,87.99,0.03999999999996362,608.75,2026-03-31 02:24:06.941000
337,BINANCE:BNBUSDT,20260331,22406,BINANCE,608.73,608.76,0.058,2.006,0.029999999999972715,608.745,2026-03-31 02:24:06.941000
338,BINANCE:BNBUSDT,20260331,22406,BINANCE,608.73,608.76,0.058,5.87,0.029999999999972715,608.745,2026-03-31 02:24:06.942000
339,BINANCE:BNBUSDT,20260331,22406,BINANCE,608.73,608.75,0.058,3.992,0.01999999999998181,608.74,2026-03-31 02:24:06.942000
340,BINANCE:BNBUSDT,20260331,22406,BINANCE,608.73,608.74,0.058,3.992,0.009999999999990905,608.735,2026-03-31 02:24:06.942000
341,BINANCE:BNBUSDT,20260331,22406,BINANCE,608.73,608.74,0.058,12.873,0.009999999999990905,608.735,2026-03-31 02:24:06.942000
342,BINANCE:BNBUSDT,20260331,22406,BINANCE,608.73,608.74,0.058,14.879,0.009999999999990905,608.735,2026-03-31 02:24:06.942000
343,BINANCE:BNBUSDT,20260331,22406,BINANCE,608.73,608.74,0.058,18.855,0.009999999999990905,608.735,2026-03-31 02:24:06.943000
344,BINANCE:ETHUSDT,20260331,22406,BINANCE,2015.61,2015.62,16.1227,42.1793,0.009999999999990905,2015.6149999999998,2026-03-31 02:24:06.943000
345,BINANCE:BNBUSDT,20260331,22406,BINANCE,608.73,608.74,0.058,22.815,0.009999999999990905,608.735,2026-03-31 02:24:06.943000
346,BINANCE:BNBUSDT,20260331,22406,BINANCE,608.73,608.74,0.058,18.839,0.009999999999990905,608.735,2026-03-31 02:24:06.943000
347,BINANCE:BNBUSDT,20260331,22406,BINANCE,608.73,608.74,0.058,18.963,0.009999999999990905,608.735,2026-03-31 02:24:06.943000
348,BINANCE:BNBUSDT,20260331,22406,BINANCE,608.73,608.74,0.058,20.981,0.009999999999990905,608.735,2026-03-31 02:24:06.944000
349,BINANCE:BNBUSDT,20260331,22406,BINANCE,608.73,608.74,0.058,26.483,0.009999999999990905,608.735,2026-03-31 02:24:06.944000
350,BINANCE:BNBUSDT,20260331,22406,BINANCE,608.73,608.74,0.058,28.839,0.009999999999990905,608.735,2026-03-31 02:24:06.944000
351,BINANCE:ETHUSDT,20260331,22406,BINANCE,2015.61,2015.62,16.1201,42.1793,0.009999999999990905,2015.6149999999998,2026-03-31 02:24:06.944000
352,BINANCE:BNBUSDT,20260331,22406,BINANCE,608.73,608.74,0.058,28.715,0.009999999999990905,608.735,2026-03-31 02:24:06.944000
353,BINANCE:BNBUSDT,20260331,22406,BINANCE,608.73,608.74,0.058,30.155,0.009999999999990905,608.735,2026-03-31 02:24:06.945000
354,BINANCE:BNBUSDT,20260331,22406,BINANCE,608.73,608.74,0.058,36.138,0.009999999999990905,608.735,2026-03-31 02:24:06.945000
355,BINANCE:BNBUSDT,20260331,22406,BINANCE,608.73,608.74,0.067,36.138,0.009999999999990905,608.735,2026-03-31 02:24:06.945000
356,BINANCE:BNBUSDT,20260331,22406,BINANCE,608.73,608.74,0.067,32.178,0.009999999999990905,608.735,2026-03-31 02:24:06.945000
357,BINANCE:BNBUSDT,20260331,22406,BINANCE,608.73,608.74,0.067,30.16,0.009999999999990905,608.735,2026-03-31 02:24:06.945000
358,BINANCE:BNBUSDT,20260331,22406,BINANCE,608.73,608.74,0.076,30.16,0.009999999999990905,608.735,2026-03-31 02:24:06.946000
359,BINANCE:BNBUSDT,20260331,22406,BINANCE,608.73,608.74,0.085,30.16,0.009999999999990905,608.735,2026-03-31 02:24:06.946000
360,BINANCE:BNBUSDT,20260331,22406,BINANCE,608.73,608.74,0.094,30.16,0.009999999999990905,608.735,2026-03-31 02:24:06.946000
361,BINANCE:BNBUSDT,20260331,22406,BINANCE,608.73,608.74,6.077,30.16,0.009999999999990905,608.735,2026-03-31 02:24:06.946000
362,BINANCE:BNBUSDT,20260331,22406,BINANCE,608.73,608.74,6.086,30.16,0.009999999999990905,608.735,2026-03-31 02:24:06.946000
363,BINANCE:BNBUSDT,20260331,22406,BINANCE,608.73,608.74,6.086,30.184,0.009999999999990905,608.735,2026-03-31 02:24:06.946000
364,BINANCE:BNBUSDT,20260331,22406,BINANCE,608.73,608.74,6.086,30.204,0.009999999999990905,608.735,2026-03-31 02:24:06.947000
365,BINANCE:ETHUSDT,20260331,22406,BINANCE,2015.61,2015.62,16.1175,42.1793,0.009999999999990905,2015.6149999999998,2026-03-31 02:24:06.947000
366,BINANCE:ETHUSDT,20260331,22406,BINANCE,2015.61,2015.62,16.1175,42.0803,0.009999999999990905,2015.6149999999998,2026-03-31 02:24:06.947000
367,BINANCE:ETHUSDT,20260331,22406,BINANCE,2015.61,2015.62,16.1175,41.9813,0.009999999999990905,2015.6149999999998,2026-03-31 02:24:06.947000
368,BINANCE:ETHUSDT,20260331,22406,BINANCE,2015.61,2015.62,16.1175,41.8823,0.009999999999990905,2015.6149999999998,2026-03-31 02:24:06.947000
369,BINANCE:ETHUSDT,20260331,22406,BINANCE,2015.61,2015.62,16.1175,41.7833,0.009999999999990905,2015.6149999999998,2026-03-31 02:24:06.948000
370,BINANCE:BNBUSDT,20260331,22406,BINANCE,608.73,608.74,6.086,30.213,0.009999999999990905,608.735,2026-03-31 02:24:06.948000
371,BINANCE:ETHUSDT,20260331,22406,BINANCE,2015.61,2015.62,16.1175,41.8823,0.009999999999990905,2015.6149999999998,2026-03-31 02:24:06.948000
372,BINANCE:ETHUSDT,20260331,22406,BINANCE,2015.61,2015.62,16.1175,41.9813,0.009999999999990905,2015.6149999999998,2026-03-31 02:24:06.948000
373,BINANCE:ETHUSDT,20260331,22406,BINANCE,2015.61,2015.62,16.1175,42.0803,0.009999999999990905,2015.6149999999998,2026-03-31 02:24:06.948000
374,BINANCE:ETHUSDT,20260331,22406,BINANCE,2015.61,2015.62,16.1175,42.1793,0.009999999999990905,2015.6149999999998,2026-03-31 02:24:06.949000
375,BINANCE:BNBUSDT,20260331,22406,BINANCE,608.73,608.74,6.086,34.081,0.009999999999990905,608.735,2026-03-31 02:24:06.949000
376,BINANCE:ETHUSDT,20260331,22406,BINANCE,2015.61,2015.62,16.1201,42.1793,0.009999999999990905,2015.6149999999998,2026-03-31 02:24:06.958000
377,BINANCE:BNBUSDT,20260331,22407,BINANCE,608.73,608.74,6.086,34.072,0.009999999999990905,608.735,2026-03-31 02:24:07.063000
378,BINANCE:ETHUSDT,20260331,22407,BINANCE,2015.61,2015.62,16.1236,42.1793,0.009999999999990905,2015.6149999999998,2026-03-31 02:24:07.070000
379,BINANCE:ETHUSDT,20260331,22407,BINANCE,2015.61,2015.62,16.121,42.1793,0.009999999999990905,2015.6149999999998,2026-03-31 02:24:07.091000
380,BINANCE:BNBUSDT,20260331,22407,BINANCE,608.73,608.74,6.086,97.082,0.009999999999990905,608.735,2026-03-31 02:24:07.097000
381,BINANCE:ETHUSDT,20260331,22407,BINANCE,2015.61,2015.62,16.121,42.0803,0.009999999999990905,2015.6149999999998,2026-03-31 02:24:07.101000
382,BINANCE:ETHUSDT,20260331,22407,BINANCE,2015.61,2015.62,16.121,41.9813,0.009999999999990905,2015.6149999999998,2026-03-31 02:24:07.101000
383,BINANCE:ETHUSDT,20260331,22407,BINANCE,2015.61,2015.62,16.121,41.8823,0.009999999999990905,2015.6149999999998,2026-03-31 02:24:07.101000
384,BINANCE:ETHUSDT,20260331,22407,BINANCE,2015.61,2015.62,16.121,41.7833,0.009999999999990905,2015.6149999999998,2026-03-31 02:24:07.101000
385,BINANCE:ETHUSDT,20260331,22407,BINANCE,2015.61,2015.62,16.121,36.1353,0.009999999999990905,2015.6149999999998,2026-03-31 02:24:07.103000
386,BINANCE:ETHUSDT,20260331,22407,BINANCE,2015.61,2015.62,16.121,36.1453,0.009999999999990905,2015.6149999999998,2026-03-31 02:24:07.103000
387,BINANCE:ETHUSDT,20260331,22407,BINANCE,2015.61,2015.62,16.121,36.1553,0.009999999999990905,2015.6149999999998,2026-03-31 02:24:07.103000
388,BINANCE:ETHUSDT,20260331,22407,BINANCE,2015.61,2015.62,16.121,36.1653,0.009999999999990905,2015.6149999999998,2026-03-31 02:24:07.103000
389,BINANCE:ETHUSDT,20260331,22407,BINANCE,2015.61,2015.62,16.121,36.1753,0.009999999999990905,2015.6149999999998,2026-03-31 02:24:07.104000
390,BINANCE:ETHUSDT,20260331,22407,BINANCE,2015.61,2015.62,16.121,36.0258,0.009999999999990905,2015.6149999999998,2026-03-31 02:24:07.104000
391,BINANCE:ETHUSDT,20260331,22407,BINANCE,2015.61,2015.62,16.121,33.8058,0.009999999999990905,2015.6149999999998,2026-03-31 02:24:07.104000
392,BINANCE:BTCUSDT,20260331,22407,BINANCE,66302.43,66302.44,0.14681,4.05701,0.010000000009313226,66302.435,2026-03-31 02:24:07.105000
393,BINANCE:ETHUSDT,20260331,22407,BINANCE,2015.61,2015.62,16.121,31.8058,0.009999999999990905,2015.6149999999998,2026-03-31 02:24:07.105000
394,BINANCE:ETHUSDT,20260331,22407,BINANCE,2015.61,2015.62,16.121,31.7958,0.009999999999990905,2015.6149999999998,2026-03-31 02:24:07.105000
395,BINANCE:ETHUSDT,20260331,22407,BINANCE,2015.61,2015.62,16.121,31.7858,0.009999999999990905,2015.6149999999998,2026-03-31 02:24:07.105000
396,BINANCE:ETHUSDT,20260331,22407,BINANCE,2015.61,2015.62,16.121,31.7758,0.009999999999990905,2015.6149999999998,2026-03-31 02:24:07.106000
397,BINANCE:ETHUSDT,20260331,22407,BINANCE,2015.61,2015.62,16.121,31.7658,0.009999999999990905,2015.6149999999998,2026-03-31 02:24:07.106000
398,BINANCE:ETHUSDT,20260331,22407,BINANCE,2015.61,2015.62,17.1974,31.7658,0.009999999999990905,2015.6149999999998,2026-03-31 02:24:07.106000
399,BINANCE:ETHUSDT,20260331,22407,BINANCE,2015.61,2015.62,17.1974,31.2562,0.009999999999990905,2015.6149999999998,2026-03-31 02:24:07.106000
400,BINANCE:ETHUSDT,20260331,22407,BINANCE,2015.61,2015.62,17.1974,25.8952,0.009999999999990905,2015.6149999999998,2026-03-31 02:24:07.108000
401,BINANCE:ETHUSDT,20260331,22407,BINANCE,2015.61,2015.62,16.121,25.8952,0.009999999999990905,2015.6149999999998,2026-03-31 02:24:07.152000
402,BINANCE:ETHUSDT,20260331,22407,BINANCE,2015.61,2015.62,16.121,25.9942,0.009999999999990905,2015.6149999999998,2026-03-31 02:24:07.154000
403,BINANCE:ETHUSDT,20260331,22407,BINANCE,2015.61,2015.62,16.121,26.0932,0.009999999999990905,2015.6149999999998,2026-03-31 02:24:07.154000
404,BINANCE:ETHUSDT,20260331,22407,BINANCE,2015.61,2015.62,16.121,26.1922,0.009999999999990905,2015.6149999999998,2026-03-31 02:24:07.154000
405,BINANCE:ETHUSDT,20260331,22407,BINANCE,2015.61,2015.62,16.121,26.2912,0.009999999999990905,2015.6149999999998,2026-03-31 02:24:07.154000
406,BINANCE:ETHUSDT,20260331,22407,BINANCE,2015.61,2015.62,16.1105,26.2774,0.009999999999990905,2015.6149999999998,2026-03-31 02:24:07.169000
407,BINANCE:ETHUSDT,20260331,22407,BINANCE,2015.61,2015.62,16.1105,26.2799,0.009999999999990905,2015.6149999999998,2026-03-31 02:24:07.171000
408,BINANCE:ETHUSDT,20260331,22407,BINANCE,2015.61,2015.62,16.121,26.2799,0.009999999999990905,2015.6149999999998,2026-03-31 02:24:07.172000
409,BINANCE:ETHUSDT,20260331,22407,BINANCE,2015.61,2015.62,16.121,26.2937,0.009999999999990905,2015.6149999999998,2026-03-31 02:24:07.174000
410,BINANCE:BTCUSDT,20260331,22407,BINANCE,66302.43,66302.44,0.14681,4.05709,0.010000000009313226,66302.435,2026-03-31 02:24:07.205000
411,BINANCE:BTCUSDT,20260331,22407,BINANCE,66302.43,66302.44,0.14591,4.05709,0.010000000009313226,66302.435,2026-03-31 02:24:07.259000
412,BINANCE:BTCUSDT,20260331,22407,BINANCE,66302.43,66302.44,0.14591,4.05701,0.010000000009313226,66302.435,2026-03-31 02:24:07.259000
413,BINANCE:BTCUSDT,20260331,22407,BINANCE,66302.43,66302.44,0.14591,4.05693,0.010000000009313226,66302.435,2026-03-31 02:24:07.259000
414,BINANCE:BTCUSDT,20260331,22407,BINANCE,66302.43,66302.44,0.14591,4.05655,0.010000000009313226,66302.435,2026-03-31 02:24:07.275000
415,BINANCE:BNBUSDT,20260331,22407,BINANCE,608.73,608.74,5.095,97.082,0.009999999999990905,608.735,2026-03-31 02:24:07.279000
416,BINANCE:BNBUSDT,20260331,22407,BINANCE,608.73,608.74,3.095,97.082,0.009999999999990905,608.735,2026-03-31 02:24:07.279000
417,BINANCE:BNBUSDT,20260331,22407,BINANCE,608.73,608.74,0.018,97.082,0.009999999999990905,608.735,2026-03-31 02:24:07.279000
418,BINANCE:BNBUSDT,20260331,22407,BINANCE,608.73,608.74,0.027,97.082,0.009999999999990905,608.735,2026-03-31 02:24:07.279000
419,BINANCE:BNBUSDT,20260331,22407,BINANCE,608.73,608.74,0.036,97.082,0.009999999999990905,608.735,2026-03-31 02:24:07.279000
420,BINANCE:BNBUSDT,20260331,22407,BINANCE,608.73,608.74,0.045,97.082,0.009999999999990905,608.735,2026-03-31 02:24:07.280000
421,BINANCE:BNBUSDT,20260331,22407,BINANCE,608.73,608.74,0.054,97.082,0.009999999999990905,608.735,2026-03-31 02:24:07.280000
422,BINANCE:BNBUSDT,20260331,22407,BINANCE,608.73,608.74,0.063,97.082,0.009999999999990905,608.735,2026-03-31 02:24:07.280000
423,BINANCE:BNBUSDT,20260331,22407,BINANCE,608.73,608.74,0.063,102.014,0.009999999999990905,608.735,2026-03-31 02:24:07.280000
424,BINANCE:BNBUSDT,20260331,22407,BINANCE,608.72,608.73,0.052,1.955,0.009999999999990905,608.725,2026-03-31 02:24:07.280000
425,BINANCE:BNBUSDT,20260331,22407,BINANCE,608.72,608.73,0.052,5.799,0.009999999999990905,608.725,2026-03-31 02:24:07.281000
426,BINANCE:BNBUSDT,20260331,22407,BINANCE,608.72,608.73,0.052,9.611,0.009999999999990905,608.725,2026-03-31 02:24:07.281000
427,BINANCE:BNBUSDT,20260331,22407,BINANCE,608.72,608.73,0.052,9.735,0.009999999999990905,608.725,2026-03-31 02:24:07.281000
428,BINANCE:BNBUSDT,20260331,22407,BINANCE,608.72,608.73,0.052,15.718,0.009999999999990905,608.725,2026-03-31 02:24:07.282000
429,BINANCE:BNBUSDT,20260331,22407,BINANCE,608.72,608.73,0.052,16.374,0.009999999999990905,608.725,2026-03-31 02:24:07.282000
430,BINANCE:BNBUSDT,20260331,22407,BINANCE,608.72,608.73,0.052,20.218,0.009999999999990905,608.725,2026-03-31 02:24:07.283000
431,BINANCE:BNBUSDT,20260331,22407,BINANCE,608.72,608.73,0.052,21.658,0.009999999999990905,608.725,2026-03-31 02:24:07.283000
432,BINANCE:BNBUSDT,20260331,22407,BINANCE,608.72,608.73,0.052,21.675,0.009999999999990905,608.725,2026-03-31 02:24:07.283000
433,BINANCE:BNBUSDT,20260331,22407,BINANCE,608.72,608.73,0.052,24.439,0.009999999999990905,608.725,2026-03-31 02:24:07.283000
434,BINANCE:BNBUSDT,20260331,22407,BINANCE,608.72,608.73,0.052,20.627,0.009999999999990905,608.725,2026-03-31 02:24:07.283000
435,BINANCE:BNBUSDT,20260331,22407,BINANCE,608.72,608.73,0.052,21.378,0.009999999999990905,608.725,2026-03-31 02:24:07.284000
436,BINANCE:BNBUSDT,20260331,22407,BINANCE,608.72,608.73,0.052,23.783,0.009999999999990905,608.725,2026-03-31 02:24:07.284000
437,BINANCE:BNBUSDT,20260331,22407,BINANCE,608.72,608.73,0.052,29.285,0.009999999999990905,608.725,2026-03-31 02:24:07.284000
438,BINANCE:BNBUSDT,20260331,22407,BINANCE,608.72,608.73,0.061,29.285,0.009999999999990905,608.725,2026-03-31 02:24:07.284000
439,BINANCE:BNBUSDT,20260331,22407,BINANCE,608.72,608.73,0.07,29.285,0.009999999999990905,608.725,2026-03-31 02:24:07.284000
440,BINANCE:BNBUSDT,20260331,22407,BINANCE,608.72,608.73,0.079,29.285,0.009999999999990905,608.725,2026-03-31 02:24:07.285000
441,BINANCE:BNBUSDT,20260331,22407,BINANCE,608.72,608.73,0.088,29.285,0.009999999999990905,608.725,2026-03-31 02:24:07.285000
442,BINANCE:BNBUSDT,20260331,22407,BINANCE,608.72,608.73,0.088,29.161,0.009999999999990905,608.725,2026-03-31 02:24:07.285000
443,BINANCE:BNBUSDT,20260331,22407,BINANCE,608.72,608.73,0.097,29.161,0.009999999999990905,608.725,2026-03-31 02:24:07.285000
444,BINANCE:BNBUSDT,20260331,22407,BINANCE,608.72,608.73,0.097,25.317,0.009999999999990905,608.725,2026-03-31 02:24:07.285000
445,BINANCE:BNBUSDT,20260331,22407,BINANCE,608.72,608.73,0.097,32.992,0.009999999999990905,608.725,2026-03-31 02:24:07.286000
446,BINANCE:BNBUSDT,20260331,22407,BINANCE,608.72,608.73,0.106,32.992,0.009999999999990905,608.725,2026-03-31 02:24:07.286000
447,BINANCE:BNBUSDT,20260331,22407,BINANCE,608.72,608.73,0.106,33.012,0.009999999999990905,608.725,2026-03-31 02:24:07.286000
448,BINANCE:BTCUSDT,20260331,22407,BINANCE,66302.43,66302.44,0.14591,4.05647,0.010000000009313226,66302.435,2026-03-31 02:24:07.305000
449,BINANCE:BTCUSDT,20260331,22407,BINANCE,66302.43,66302.44,0.14591,4.05655,0.010000000009313226,66302.435,2026-03-31 02:24:07.305000
450,BINANCE:BNBUSDT,20260331,22407,BINANCE,608.69,608.7,5.19,1.815,0.009999999999990905,608.695,2026-03-31 02:24:07.347000
451,BINANCE:BNBUSDT,20260331,22407,BINANCE,608.69,608.7,5.19,5.427,0.009999999999990905,608.695,2026-03-31 02:24:07.347000
452,BINANCE:BNBUSDT,20260331,22407,BINANCE,608.69,608.7,5.19,14.308,0.009999999999990905,608.695,2026-03-31 02:24:07.348000
453,BINANCE:BNBUSDT,20260331,22407,BINANCE,608.69,608.7,5.19,16.311,0.009999999999990905,608.695,2026-03-31 02:24:07.348000
454,BINANCE:BNBUSDT,20260331,22407,BINANCE,608.69,608.7,5.19,20.155,0.009999999999990905,608.695,2026-03-31 02:24:07.348000
455,BINANCE:BNBUSDT,20260331,22407,BINANCE,608.69,608.7,5.19,24.936,0.009999999999990905,608.695,2026-03-31 02:24:07.348000
456,BINANCE:BNBUSDT,20260331,22407,BINANCE,608.69,608.7,5.19,28.828,0.009999999999990905,608.695,2026-03-31 02:24:07.354000
457,BINANCE:BNBUSDT,20260331,22407,BINANCE,608.69,608.7,5.19,34.33,0.009999999999990905,608.695,2026-03-31 02:24:07.354000
458,BINANCE:BNBUSDT,20260331,22407,BINANCE,608.69,608.7,5.19,43.435,0.009999999999990905,608.695,2026-03-31 02:24:07.355000
459,BINANCE:BNBUSDT,20260331,22407,BINANCE,608.69,608.7,5.19,46.199,0.009999999999990905,608.695,2026-03-31 02:24:07.355000
460,BINANCE:BNBUSDT,20260331,22407,BINANCE,608.69,608.7,5.19,53.874,0.009999999999990905,608.695,2026-03-31 02:24:07.355000
461,BINANCE:BNBUSDT,20260331,22407,BINANCE,608.69,608.7,5.19,50.03,0.009999999999990905,608.695,2026-03-31 02:24:07.355000
462,BINANCE:BNBUSDT,20260331,22407,BINANCE,608.69,608.7,5.19,52.568,0.009999999999990905,608.695,2026-03-31 02:24:07.355000
463,BINANCE:BNBUSDT,20260331,22407,BINANCE,608.69,608.7,5.199,52.568,0.009999999999990905,608.695,2026-03-31 02:24:07.356000
464,BINANCE:BNBUSDT,20260331,22407,BINANCE,608.69,608.7,5.208,52.568,0.009999999999990905,608.695,2026-03-31 02:24:07.356000
465,BINANCE:BNBUSDT,20260331,22407,BINANCE,608.69,608.7,5.217,52.568,0.009999999999990905,608.695,2026-03-31 02:24:07.356000
466,BINANCE:BNBUSDT,20260331,22407,BINANCE,608.69,608.7,5.217,48.676,0.009999999999990905,608.695,2026-03-31 02:24:07.356000
467,BINANCE:BNBUSDT,20260331,22407,BINANCE,608.69,608.7,11.2,48.676,0.009999999999990905,608.695,2026-03-31 02:24:07.356000
468,BINANCE:BNBUSDT,20260331,22407,BINANCE,608.69,608.7,11.209,48.676,0.009999999999990905,608.695,2026-03-31 02:24:07.357000
469,BINANCE:BNBUSDT,20260331,22407,BINANCE,608.69,608.7,11.209,54.659,0.009999999999990905,608.695,2026-03-31 02:24:07.357000
470,BINANCE:BNBUSDT,20260331,22407,BINANCE,608.69,608.7,11.218,54.659,0.009999999999990905,608.695,2026-03-31 02:24:07.357000
471,BINANCE:BNBUSDT,20260331,22407,BINANCE,608.69,608.7,11.218,54.679,0.009999999999990905,608.695,2026-03-31 02:24:07.357000
472,BINANCE:BTCUSDT,20260331,22407,BINANCE,66302.43,66302.44,0.14591,4.05679,0.010000000009313226,66302.435,2026-03-31 02:24:07.407000
473,BINANCE:BNBUSDT,20260331,22407,BINANCE,608.69,608.7,11.218,54.688,0.009999999999990905,608.695,2026-03-31 02:24:07.447000
474,BINANCE:BNBUSDT,20260331,22407,BINANCE,608.69,608.7,11.209,54.688,0.009999999999990905,608.695,2026-03-31 02:24:07.447000
475,BINANCE:BNBUSDT,20260331,22407,BINANCE,608.69,608.7,11.218,54.688,0.009999999999990905,608.695,2026-03-31 02:24:07.450000
476,BINANCE:BTCUSDT,20260331,22407,BINANCE,66302.43,66302.44,0.14583,4.05679,0.010000000009313226,66302.435,2026-03-31 02:24:07.455000
477,BINANCE:BNBUSDT,20260331,22407,BINANCE,608.69,608.7,11.218,54.031,0.009999999999990905,608.695,2026-03-31 02:24:07.506000
478,BINANCE:ETHUSDT,20260331,22407,BINANCE,2015.61,2015.62,16.121,26.2862,0.009999999999990905,2015.6149999999998,2026-03-31 02:24:07.511000
479,BINANCE:BNBUSDT,20260331,22407,BINANCE,608.69,608.7,11.218,85.041,0.009999999999990905,608.695,2026-03-31 02:24:07.545000
480,BINANCE:ETHUSDT,20260331,22407,BINANCE,2015.61,2015.62,16.571,26.2862,0.009999999999990905,2015.6149999999998,2026-03-31 02:24:07.563000
481,BINANCE:BNBUSDT,20260331,22407,BINANCE,608.69,608.7,11.218,54.031,0.009999999999990905,608.695,2026-03-31 02:24:07.586000
482,BINANCE:BNBUSDT,20260331,22407,BINANCE,608.69,608.7,11.218,85.041,0.009999999999990905,608.695,2026-03-31 02:24:07.587000
483,BINANCE:BNBUSDT,20260331,22407,BINANCE,608.69,608.7,11.218,85.032,0.009999999999990905,608.695,2026-03-31 02:24:07.597000
484,BINANCE:BNBUSDT,20260331,22407,BINANCE,608.69,608.7,5.235,85.032,0.009999999999990905,608.695,2026-03-31 02:24:07.610000
485,BINANCE:BTCUSDT,20260331,22407,BINANCE,66302.43,66302.44,0.14583,4.05528,0.010000000009313226,66302.435,2026-03-31 02:24:07.626000
486,BINANCE:BTCUSDT,20260331,22407,BINANCE,66302.43,66302.44,0.14591,4.05528,0.010000000009313226,66302.435,2026-03-31 02:24:07.655000
487,BINANCE:BTCUSDT,20260331,22407,BINANCE,66302.43,66302.44,0.14583,4.05528,0.010000000009313226,66302.435,2026-03-31 02:24:07.655000
488,BINANCE:BNBUSDT,20260331,22407,BINANCE,608.69,608.7,11.218,85.032,0.009999999999990905,608.695,2026-03-31 02:24:07.702000
489,BINANCE:ETHUSDT,20260331,22407,BINANCE,2015.61,2015.62,16.5736,26.2862,0.009999999999990905,2015.6149999999998,2026-03-31 02:24:07.727000
490,BINANCE:ETHUSDT,20260331,22407,BINANCE,2015.61,2015.62,16.5762,26.2862,0.009999999999990905,2015.6149999999998,2026-03-31 02:24:07.727000
491,BINANCE:BNBUSDT,20260331,22407,BINANCE,608.69,608.7,11.218,85.041,0.009999999999990905,608.695,2026-03-31 02:24:07.747000
492,BINANCE:BTCUSDT,20260331,22407,BINANCE,66302.43,66302.44,0.14591,4.05528,0.010000000009313226,66302.435,2026-03-31 02:24:07.755000
493,BINANCE:BTCUSDT,20260331,22407,BINANCE,66302.43,66302.44,0.14599,4.05528,0.010000000009313226,66302.435,2026-03-31 02:24:07.755000
494,BINANCE:BTCUSDT,20260331,22407,BINANCE,66302.43,66302.44,0.14599,4.0432,0.010000000009313226,66302.435,2026-03-31 02:24:07.782000
495,BINANCE:BTCUSDT,20260331,22407,BINANCE,66302.43,66302.44,0.14599,4.04924,0.010000000009313226,66302.435,2026-03-31 02:24:07.783000
496,BINANCE:BTCUSDT,20260331,22407,BINANCE,66302.43,66302.44,0.14599,4.05528,0.010000000009313226,66302.435,2026-03-31 02:24:07.784000
497,BINANCE:ETHUSDT,20260331,22407,BINANCE,2015.61,2015.62,16.5788,26.2862,0.009999999999990905,2015.6149999999998,2026-03-31 02:24:07.809000
498,BINANCE:BNBUSDT,20260331,22407,BINANCE,608.69,608.7,10.506,85.041,0.009999999999990905,608.695,2026-03-31 02:24:07.910000
499,BINANCE:BTCUSDT,20260331,22407,BINANCE,66302.43,66302.44,0.14599,4.05497,0.010000000009313226,66302.435,2026-03-31 02:24:07.913000
500,BINANCE:BTCUSDT,20260331,22407,BINANCE,66302.43,66302.44,0.20804,4.05497,0.010000000009313226,66302.435,2026-03-31 02:24:07.930000
501,BINANCE:BNBUSDT,20260331,22407,BINANCE,608.69,608.7,10.506,85.032,0.009999999999990905,608.695,2026-03-31 02:24:07.947000
502,BINANCE:BTCUSDT,20260331,22407,BINANCE,66302.43,66302.44,0.20796,4.05497,0.010000000009313226,66302.435,2026-03-31 02:24:07.955000
503,BINANCE:BTCUSDT,20260331,22407,BINANCE,66302.43,66302.44,0.20796,4.05505,0.010000000009313226,66302.435,2026-03-31 02:24:07.955000
504,BINANCE:BTCUSDT,20260331,22407,BINANCE,66302.43,66302.44,0.20796,4.05513,0.010000000009313226,66302.435,2026-03-31 02:24:07.955000
505,BINANCE:BTCUSDT,20260331,22407,BINANCE,66302.43,66302.44,0.20796,4.05521,0.010000000009313226,66302.435,2026-03-31 02:24:07.956000
506,BINANCE:BTCUSDT,20260331,22408,BINANCE,66302.43,66302.44,0.09125,4.05521,0.010000000009313226,66302.435,2026-03-31 02:24:08.075000
507,BINANCE:ETHUSDT,20260331,22408,BINANCE,2015.61,2015.62,16.5814,26.2862,0.009999999999990905,2015.6149999999998,2026-03-31 02:24:08.084000
508,BINANCE:BNBUSDT,20260331,22408,BINANCE,608.69,608.7,4.523,85.032,0.009999999999990905,608.695,2026-03-31 02:24:08.096000
509,BINANCE:ETHUSDT,20260331,22408,BINANCE,2015.61,2015.62,11.6904,26.2862,0.009999999999990905,2015.6149999999998,2026-03-31 02:24:08.097000
510,BINANCE:ETHUSDT,20260331,22408,BINANCE,2015.61,2015.62,10.6019,26.2862,0.009999999999990905,2015.6149999999998,2026-03-31 02:24:08.098000
511,BINANCE:BTCUSDT,20260331,22408,BINANCE,66302.43,66302.44,0.09125,4.07029,0.010000000009313226,66302.435,2026-03-31 02:24:08.102000
512,BINANCE:BTCUSDT,20260331,22408,BINANCE,66302.43,66302.44,0.09125,4.07315,0.010000000009313226,66302.435,2026-03-31 02:24:08.102000
513,BINANCE:BTCUSDT,20260331,22408,BINANCE,66302.43,66302.44,0.09117,4.07315,0.010000000009313226,66302.435,2026-03-31 02:24:08.105000
514,BINANCE:BTCUSDT,20260331,22408,BINANCE,66302.43,66302.44,0.09125,4.07315,0.010000000009313226,66302.435,2026-03-31 02:24:08.106000
515,BINANCE:BTCUSDT,20260331,22408,BINANCE,66302.43,66302.44,0.09133,4.07315,0.010000000009313226,66302.435,2026-03-31 02:24:08.106000
516,BINANCE:ETHUSDT,20260331,22408,BINANCE,2015.61,2015.62,10.6019,28.2862,0.009999999999990905,2015.6149999999998,2026-03-31 02:24:08.106000
517,BINANCE:BTCUSDT,20260331,22408,BINANCE,66302.43,66302.44,0.09133,4.08069,0.010000000009313226,66302.435,2026-03-31 02:24:08.124000
518,BINANCE:ETHUSDT,20260331,22408,BINANCE,2015.61,2015.62,16.5359,28.2862,0.009999999999990905,2015.6149999999998,2026-03-31 02:24:08.130000
519,BINANCE:BTCUSDT,20260331,22408,BINANCE,66302.43,66302.44,0.09125,4.08069,0.010000000009313226,66302.435,2026-03-31 02:24:08.155000
520,BINANCE:BTCUSDT,20260331,22408,BINANCE,66302.43,66302.44,0.09133,4.08069,0.010000000009313226,66302.435,2026-03-31 02:24:08.155000
521,BINANCE:BTCUSDT,20260331,22408,BINANCE,66302.43,66302.44,0.09141,4.08069,0.010000000009313226,66302.435,2026-03-31 02:24:08.156000
522,BINANCE:ETHUSDT,20260331,22408,BINANCE,2015.61,2015.62,16.5254,28.2724,0.009999999999990905,2015.6149999999998,2026-03-31 02:24:08.176000
523,BINANCE:ETHUSDT,20260331,22408,BINANCE,2015.61,2015.62,16.5359,28.2724,0.009999999999990905,2015.6149999999998,2026-03-31 02:24:08.179000
524,BINANCE:ETHUSDT,20260331,22408,BINANCE,2015.61,2015.62,16.5359,28.2862,0.009999999999990905,2015.6149999999998,2026-03-31 02:24:08.180000
525,BINANCE:ETHUSDT,20260331,22408,BINANCE,2015.61,2015.62,10.6019,28.2862,0.009999999999990905,2015.6149999999998,2026-03-31 02:24:08.193000
526,BINANCE:ETHUSDT,20260331,22408,BINANCE,2015.61,2015.62,10.6045,28.2862,0.009999999999990905,2015.6149999999998,2026-03-31 02:24:08.196000
527,BINANCE:ETHUSDT,20260331,22408,BINANCE,2015.61,2015.62,9.0494,28.2862,0.009999999999990905,2015.6149999999998,2026-03-31 02:24:08.202000
528,BINANCE:ETHUSDT,20260331,22408,BINANCE,2015.61,2015.62,3.4014,28.2862,0.009999999999990905,2015.6149999999998,2026-03-31 02:24:08.202000
529,BINANCE:ETHUSDT,20260331,22408,BINANCE,2015.61,2015.62,1.3873,28.2862,0.009999999999990905,2015.6149999999998,2026-03-31 02:24:08.203000
530,BINANCE:BTCUSDT,20260331,22408,BINANCE,66302.43,66302.44,0.09141,4.06861,0.010000000009313226,66302.435,2026-03-31 02:24:08.203000
531,BINANCE:BTCUSDT,20260331,22408,BINANCE,66302.43,66302.44,0.09141,4.07465,0.010000000009313226,66302.435,2026-03-31 02:24:08.204000
532,BINANCE:BTCUSDT,20260331,22408,BINANCE,66302.43,66302.44,0.09141,4.08069,0.010000000009313226,66302.435,2026-03-31 02:24:08.204000
533,BINANCE:BTCUSDT,20260331,22408,BINANCE,66302.43,66302.44,0.09133,4.08069,0.010000000009313226,66302.435,2026-03-31 02:24:08.209000
534,BINANCE:BTCUSDT,20260331,22408,BINANCE,66302.43,66302.44,0.09141,4.08069,0.010000000009313226,66302.435,2026-03-31 02:24:08.209000
535,BINANCE:BTCUSDT,20260331,22408,BINANCE,66302.43,66302.44,0.09149,4.08069,0.010000000009313226,66302.435,2026-03-31 02:24:08.209000
536,BINANCE:BTCUSDT,20260331,22408,BINANCE,66302.43,66302.44,0.09141,4.08069,0.010000000009313226,66302.435,2026-03-31 02:24:08.209000
537,BINANCE:ETHUSDT,20260331,22408,BINANCE,2015.61,2015.62,1.3899,28.2862,0.009999999999990905,2015.6149999999998,2026-03-31 02:24:08.210000
538,BINANCE:ETHUSDT,20260331,22408,BINANCE,2015.61,2015.62,1.3899,29.353,0.009999999999990905,2015.6149999999998,2026-03-31 02:24:08.210000
539,BINANCE:ETHUSDT,20260331,22408,BINANCE,2015.61,2015.62,1.3899,31.4996,0.009999999999990905,2015.6149999999998,2026-03-31 02:24:08.210000
540,BINANCE:ETHUSDT,20260331,22408,BINANCE,2015.61,2015.62,1.3899,31.4006,0.009999999999990905,2015.6149999999998,2026-03-31 02:24:08.210000
541,BINANCE:ETHUSDT,20260331,22408,BINANCE,2015.61,2015.62,1.3899,31.3016,0.009999999999990905,2015.6149999999998,2026-03-31 02:24:08.211000
542,BINANCE:ETHUSDT,20260331,22408,BINANCE,2015.61,2015.62,1.3899,31.2026,0.009999999999990905,2015.6149999999998,2026-03-31 02:24:08.211000
543,BINANCE:ETHUSDT,20260331,22408,BINANCE,2015.61,2015.62,1.3899,31.1036,0.009999999999990905,2015.6149999999998,2026-03-31 02:24:08.211000
544,BINANCE:ETHUSDT,20260331,22408,BINANCE,2015.61,2015.62,1.3925,31.1036,0.009999999999990905,2015.6149999999998,2026-03-31 02:24:08.211000
545,BINANCE:ETHUSDT,20260331,22408,BINANCE,2015.61,2015.62,1.3925,32.0558,0.009999999999990905,2015.6149999999998,2026-03-31 02:24:08.211000
546,BINANCE:ETHUSDT,20260331,22408,BINANCE,2015.61,2015.62,1.3925,32.1548,0.009999999999990905,2015.6149999999998,2026-03-31 02:24:08.212000
547,BINANCE:BTCUSDT,20260331,22408,BINANCE,66302.43,66302.44,0.09141,4.06861,0.010000000009313226,66302.435,2026-03-31 02:24:08.212000
548,BINANCE:ETHUSDT,20260331,22408,BINANCE,2015.61,2015.62,1.3925,32.2538,0.009999999999990905,2015.6149999999998,2026-03-31 02:24:08.212000
549,BINANCE:ETHUSDT,20260331,22408,BINANCE,2015.61,2015.62,1.3555,32.2538,0.009999999999990905,2015.6149999999998,2026-03-31 02:24:08.212000
550,BINANCE:ETHUSDT,20260331,22408,BINANCE,2015.61,2015.62,1.3555,32.3528,0.009999999999990905,2015.6149999999998,2026-03-31 02:24:08.212000
551,BINANCE:BTCUSDT,20260331,22408,BINANCE,66302.43,66302.44,0.02936,4.06861,0.010000000009313226,66302.435,2026-03-31 02:24:08.212000
552,BINANCE:BNBUSDT,20260331,22408,BINANCE,608.69,608.7,4.523,88.9,0.009999999999990905,608.695,2026-03-31 02:24:08.213000
553,BINANCE:BTCUSDT,20260331,22408,BINANCE,66302.43,66302.44,0.02936,4.07465,0.010000000009313226,66302.435,2026-03-31 02:24:08.213000
554,BINANCE:ETHUSDT,20260331,22408,BINANCE,2015.61,2015.62,1.3555,32.2538,0.009999999999990905,2015.6149999999998,2026-03-31 02:24:08.213000
555,BINANCE:ETHUSDT,20260331,22408,BINANCE,2015.61,2015.62,1.3555,32.3528,0.009999999999990905,2015.6149999999998,2026-03-31 02:24:08.213000
556,BINANCE:BTCUSDT,20260331,22408,BINANCE,66302.43,66302.44,0.02936,4.08069,0.010000000009313226,66302.435,2026-03-31 02:24:08.213000
557,BINANCE:BTCUSDT,20260331,22408,BINANCE,66301.71,66301.72,0.02654,0.07752,0.00999999999476131,66301.715,2026-03-31 02:24:08.221000
558,BINANCE:BTCUSDT,20260331,22408,BINANCE,66301.71,66301.72,0.02654,0.27735,0.00999999999476131,66301.715,2026-03-31 02:24:08.222000
559,BINANCE:BTCUSDT,20260331,22408,BINANCE,66301.71,66301.72,0.02654,0.39255,0.00999999999476131,66301.715,2026-03-31 02:24:08.222000
560,BINANCE:BTCUSDT,20260331,22408,BINANCE,66301.71,66301.72,0.02654,0.50775,0.00999999999476131,66301.715,2026-03-31 02:24:08.222000
561,BINANCE:BTCUSDT,20260331,22408,BINANCE,66301.71,66301.72,0.02654,0.70679,0.00999999999476131,66301.715,2026-03-31 02:24:08.222000
562,BINANCE:BTCUSDT,20260331,22408,BINANCE,66301.71,66301.72,0.02654,1.10679,0.00999999999476131,66301.715,2026-03-31 02:24:08.222000
563,BINANCE:BTCUSDT,20260331,22408,BINANCE,66301.71,66301.72,0.02654,1.22139,0.00999999999476131,66301.715,2026-03-31 02:24:08.222000
564,BINANCE:BTCUSDT,20260331,22408,BINANCE,66301.71,66301.72,0.02654,1.33503,0.00999999999476131,66301.715,2026-03-31 02:24:08.222000
565,BINANCE:BTCUSDT,20260331,22408,BINANCE,66301.71,66301.72,0.02654,1.53415,0.00999999999476131,66301.715,2026-03-31 02:24:08.223000
566,BINANCE:ETHUSDT,20260331,22408,BINANCE,2015.61,2015.62,1.3528,32.3528,0.009999999999990905,2015.6149999999998,2026-03-31 02:24:08.223000
567,BINANCE:ETHUSDT,20260331,22408,BINANCE,2015.61,2015.62,1.3528,36.352,0.009999999999990905,2015.6149999999998,2026-03-31 02:24:08.223000
568,BINANCE:ETHUSDT,20260331,22408,BINANCE,2015.61,2015.62,1.3528,36.253,0.009999999999990905,2015.6149999999998,2026-03-31 02:24:08.224000
569,BINANCE:BTCUSDT,20260331,22408,BINANCE,66301.71,66301.72,0.02662,1.53415,0.00999999999476131,66301.715,2026-03-31 02:24:08.224000
570,BINANCE:BTCUSDT,20260331,22408,BINANCE,66301.71,66301.72,0.0267,1.53415,0.00999999999476131,66301.715,2026-03-31 02:24:08.224000
571,BINANCE:BTCUSDT,20260331,22408,BINANCE,66301.71,66301.72,0.0267,1.33511,0.00999999999476131,66301.715,2026-03-31 02:24:08.224000
572,BINANCE:BTCUSDT,20260331,22408,BINANCE,66301.71,66301.72,0.0267,1.13599,0.00999999999476131,66301.715,2026-03-31 02:24:08.224000
573,BINANCE:BTCUSDT,20260331,22408,BINANCE,66301.71,66301.72,0.02678,1.13599,0.00999999999476131,66301.715,2026-03-31 02:24:08.224000
574,BINANCE:BTCUSDT,20260331,22408,BINANCE,66301.71,66301.72,0.02686,1.13599,0.00999999999476131,66301.715,2026-03-31 02:24:08.225000
575,BINANCE:BTCUSDT,20260331,22408,BINANCE,66301.71,66301.72,0.02686,1.17291,0.00999999999476131,66301.715,2026-03-31 02:24:08.225000
576,BINANCE:BTCUSDT,20260331,22408,BINANCE,66301.71,66301.72,0.02686,1.19968,0.00999999999476131,66301.715,2026-03-31 02:24:08.225000
577,BINANCE:BTCUSDT,20260331,22408,BINANCE,66301.71,66301.72,0.02694,1.19968,0.00999999999476131,66301.715,2026-03-31 02:24:08.225000
578,BINANCE:BTCUSDT,20260331,22408,BINANCE,66301.71,66301.72,0.02702,1.19968,0.00999999999476131,66301.715,2026-03-31 02:24:08.225000
579,BINANCE:BTCUSDT,20260331,22408,BINANCE,66301.71,66301.72,0.0271,1.19968,0.00999999999476131,66301.715,2026-03-31 02:24:08.225000
580,BINANCE:BTCUSDT,20260331,22408,BINANCE,66301.71,66301.72,0.02718,1.19968,0.00999999999476131,66301.715,2026-03-31 02:24:08.226000
581,BINANCE:BTCUSDT,20260331,22408,BINANCE,66301.71,66301.72,0.02718,1.54298,0.00999999999476131,66301.715,2026-03-31 02:24:08.226000
582,BINANCE:BTCUSDT,20260331,22408,BINANCE,66301.71,66301.72,0.02726,1.54298,0.00999999999476131,66301.715,2026-03-31 02:24:08.226000
583,BINANCE:BTCUSDT,20260331,22408,BINANCE,66301.71,66301.72,0.02734,1.54298,0.00999999999476131,66301.715,2026-03-31 02:24:08.226000
584,BINANCE:BTCUSDT,20260331,22408,BINANCE,66301.71,66301.72,0.02734,1.5799,0.00999999999476131,66301.715,2026-03-31 02:24:08.226000
585,BINANCE:BTCUSDT,20260331,22408,BINANCE,66301.71,66301.72,0.02742,1.5799,0.00999999999476131,66301.715,2026-03-31 02:24:08.226000
586,BINANCE:ETHUSDT,20260331,22408,BINANCE,2015.61,2015.62,1.3528,32.2538,0.009999999999990905,2015.6149999999998,2026-03-31 02:24:08.227000
587,BINANCE:ETHUSDT,20260331,22408,BINANCE,2015.61,2015.62,1.3554,32.2538,0.009999999999990905,2015.6149999999998,2026-03-31 02:24:08.227000
588,BINANCE:ETHUSDT,20260331,22408,BINANCE,2015.61,2015.62,1.3554,32.2512,0.009999999999990905,2015.6149999999998,2026-03-31 02:24:08.227000
589,BINANCE:BTCUSDT,20260331,22408,BINANCE,66301.71,66301.72,0.02742,1.57998,0.00999999999476131,66301.715,2026-03-31 02:24:08.227000
590,BINANCE:BTCUSDT,20260331,22408,BINANCE,66301.71,66301.72,0.02742,1.60976,0.00999999999476131,66301.715,2026-03-31 02:24:08.227000
591,BINANCE:BTCUSDT,20260331,22408,BINANCE,66301.71,66301.72,0.02742,1.64976,0.00999999999476131,66301.715,2026-03-31 02:24:08.228000
592,BINANCE:BTCUSDT,20260331,22408,BINANCE,66301.71,66301.72,0.02742,1.71569,0.00999999999476131,66301.715,2026-03-31 02:24:08.228000
593,BINANCE:BTCUSDT,20260331,22408,BINANCE,66301.71,66301.72,0.02742,1.60109,0.00999999999476131,66301.715,2026-03-31 02:24:08.228000
594,BINANCE:BTCUSDT,20260331,22408,BINANCE,66301.71,66301.72,0.0275,1.60109,0.00999999999476131,66301.715,2026-03-31 02:24:08.228000
595,BINANCE:BTCUSDT,20260331,22408,BINANCE,66301.71,66301.72,0.0275,1.64729,0.00999999999476131,66301.715,2026-03-31 02:24:08.228000
596,BINANCE:BTCUSDT,20260331,22408,BINANCE,66301.71,66301.72,0.0275,1.76237,0.00999999999476131,66301.715,2026-03-31 02:24:08.228000
597,BINANCE:BTCUSDT,20260331,22408,BINANCE,66301.71,66301.72,0.02758,1.76237,0.00999999999476131,66301.715,2026-03-31 02:24:08.228000
598,BINANCE:BTCUSDT,20260331,22408,BINANCE,66301.71,66301.72,0.02758,1.77089,0.00999999999476131,66301.715,2026-03-31 02:24:08.229000
599,BINANCE:BTCUSDT,20260331,22408,BINANCE,66301.71,66301.72,0.02758,1.84102,0.00999999999476131,66301.715,2026-03-31 02:24:08.229000
600,BINANCE:BTCUSDT,20260331,22408,BINANCE,66301.71,66301.72,0.02766,1.84102,0.00999999999476131,66301.715,2026-03-31 02:24:08.229000
601,BINANCE:BTCUSDT,20260331,22408,BINANCE,66301.71,66301.72,0.02766,1.72738,0.00999999999476131,66301.715,2026-03-31 02:24:08.229000
602,BINANCE:BTCUSDT,20260331,22408,BINANCE,66301.71,66301.72,0.02766,1.76738,0.00999999999476131,66301.715,2026-03-31 02:24:08.229000
603,BINANCE:BTCUSDT,20260331,22408,BINANCE,66301.71,66301.72,0.02766,1.77039,0.00999999999476131,66301.715,2026-03-31 02:24:08.229000
604,BINANCE:BTCUSDT,20260331,22408,BINANCE,66301.71,66301.72,0.02766,1.77055,0.00999999999476131,66301.715,2026-03-31 02:24:08.230000
605,BINANCE:BTCUSDT,20260331,22408,BINANCE,66301.71,66301.72,0.02766,1.88455,0.00999999999476131,66301.715,2026-03-31 02:24:08.230000
606,BINANCE:BTCUSDT,20260331,22408,BINANCE,66301.71,66301.72,0.02766,2.09375,0.00999999999476131,66301.715,2026-03-31 02:24:08.230000
607,BINANCE:BTCUSDT,20260331,22408,BINANCE,66301.71,66301.72,0.02766,2.09537,0.00999999999476131,66301.715,2026-03-31 02:24:08.230000
608,BINANCE:BTCUSDT,20260331,22408,BINANCE,66301.71,66301.72,0.02782,2.09537,0.00999999999476131,66301.715,2026-03-31 02:24:08.230000
609,BINANCE:BTCUSDT,20260331,22408,BINANCE,66301.71,66301.72,0.02782,2.11166,0.00999999999476131,66301.715,2026-03-31 02:24:08.230000
610,BINANCE:BTCUSDT,20260331,22408,BINANCE,66301.71,66301.72,0.02782,2.1141,0.00999999999476131,66301.715,2026-03-31 02:24:08.231000
611,BINANCE:BTCUSDT,20260331,22408,BINANCE,66301.71,66301.72,0.02782,2.2691,0.00999999999476131,66301.715,2026-03-31 02:24:08.231000
612,BINANCE:BTCUSDT,20260331,22408,BINANCE,66301.71,66301.72,0.0279,2.2691,0.00999999999476131,66301.715,2026-03-31 02:24:08.231000
613,BINANCE:BTCUSDT,20260331,22408,BINANCE,66301.71,66301.72,0.02798,2.2691,0.00999999999476131,66301.715,2026-03-31 02:24:08.231000
614,BINANCE:BTCUSDT,20260331,22408,BINANCE,66301.71,66301.72,0.02798,2.41827,0.00999999999476131,66301.715,2026-03-31 02:24:08.231000
615,BINANCE:BTCUSDT,20260331,22408,BINANCE,66301.71,66301.72,0.02798,2.56899,0.00999999999476131,66301.715,2026-03-31 02:24:08.231000
616,BINANCE:BTCUSDT,20260331,22408,BINANCE,66301.71,66301.72,0.02806,2.56899,0.00999999999476131,66301.715,2026-03-31 02:24:08.232000
617,BINANCE:BTCUSDT,20260331,22408,BINANCE,66301.71,66301.72,0.02814,2.56899,0.00999999999476131,66301.715,2026-03-31 02:24:08.232000
618,BINANCE:BTCUSDT,20260331,22408,BINANCE,66301.71,66301.72,0.02822,2.56899,0.00999999999476131,66301.715,2026-03-31 02:24:08.232000
619,BINANCE:BTCUSDT,20260331,22408,BINANCE,66301.71,66301.72,0.0283,2.56899,0.00999999999476131,66301.715,2026-03-31 02:24:08.232000
620,BINANCE:BTCUSDT,20260331,22408,BINANCE,66301.71,66301.72,0.02838,2.56899,0.00999999999476131,66301.715,2026-03-31 02:24:08.232000
621,BINANCE:BTCUSDT,20260331,22408,BINANCE,66301.71,66301.72,0.02846,2.56899,0.00999999999476131,66301.715,2026-03-31 02:24:08.232000
622,BINANCE:BTCUSDT,20260331,22408,BINANCE,66301.71,66301.72,0.02846,2.56907,0.00999999999476131,66301.715,2026-03-31 02:24:08.233000
623,BINANCE:BTCUSDT,20260331,22408,BINANCE,66301.71,66301.72,0.02846,2.45399,0.00999999999476131,66301.715,2026-03-31 02:24:08.233000
624,BINANCE:BTCUSDT,20260331,22408,BINANCE,66301.71,66301.72,0.02854,2.45399,0.00999999999476131,66301.715,2026-03-31 02:24:08.233000
625,BINANCE:BTCUSDT,20260331,22408,BINANCE,66301.71,66301.72,0.02854,2.33999,0.00999999999476131,66301.715,2026-03-31 02:24:08.233000
626,BINANCE:BTCUSDT,20260331,22408,BINANCE,66301.71,66301.72,0.02862,2.33999,0.00999999999476131,66301.715,2026-03-31 02:24:08.233000
627,BINANCE:BTCUSDT,20260331,22408,BINANCE,66301.71,66301.72,0.02862,2.34007,0.00999999999476131,66301.715,2026-03-31 02:24:08.233000
628,BINANCE:BTCUSDT,20260331,22408,BINANCE,66301.71,66301.72,0.0287,2.34007,0.00999999999476131,66301.715,2026-03-31 02:24:08.234000
629,BINANCE:BTCUSDT,20260331,22408,BINANCE,66301.71,66301.72,0.02878,2.34007,0.00999999999476131,66301.715,2026-03-31 02:24:08.234000
630,BINANCE:BTCUSDT,20260331,22408,BINANCE,66301.71,66301.72,0.02886,2.34007,0.00999999999476131,66301.715,2026-03-31 02:24:08.234000
631,BINANCE:BTCUSDT,20260331,22408,BINANCE,66301.71,66301.72,0.02886,2.34308,0.00999999999476131,66301.715,2026-03-31 02:24:08.234000
632,BINANCE:BTCUSDT,20260331,22408,BINANCE,66301.71,66301.72,0.02886,2.34324,0.00999999999476131,66301.715,2026-03-31 02:24:08.234000
633,BINANCE:BTCUSDT,20260331,22408,BINANCE,66301.71,66301.72,0.02894,2.34324,0.00999999999476131,66301.715,2026-03-31 02:24:08.234000
634,BINANCE:BTCUSDT,20260331,22408,BINANCE,66301.71,66301.72,0.02902,2.34324,0.00999999999476131,66301.715,2026-03-31 02:24:08.234000
635,BINANCE:BTCUSDT,20260331,22408,BINANCE,66301.71,66301.72,0.0291,2.34324,0.00999999999476131,66301.715,2026-03-31 02:24:08.235000
636,BINANCE:BTCUSDT,20260331,22408,BINANCE,66301.71,66301.72,0.02918,2.34324,0.00999999999476131,66301.715,2026-03-31 02:24:08.235000
637,BINANCE:BTCUSDT,20260331,22408,BINANCE,66301.71,66301.72,0.02918,2.3434,0.00999999999476131,66301.715,2026-03-31 02:24:08.235000
638,BINANCE:BTCUSDT,20260331,22408,BINANCE,66301.71,66301.72,0.02918,2.34686,0.00999999999476131,66301.715,2026-03-31 02:24:08.235000
639,BINANCE:ETHUSDT,20260331,22408,BINANCE,2015.61,2015.62,1.3554,32.3512,0.009999999999990905,2015.6149999999998,2026-03-31 02:24:08.242000
640,BINANCE:BTCUSDT,20260331,22408,BINANCE,66301.71,66301.72,0.02918,2.00356,0.00999999999476131,66301.715,2026-03-31 02:24:08.245000
641,BINANCE:ETHUSDT,20260331,22408,BINANCE,2015.61,2015.62,1.3554,32.2522,0.009999999999990905,2015.6149999999998,2026-03-31 02:24:08.246000
642,BINANCE:ETHUSDT,20260331,22408,BINANCE,2015.61,2015.62,1.3554,32.1532,0.009999999999990905,2015.6149999999998,2026-03-31 02:24:08.247000
643,BINANCE:ETHUSDT,20260331,22408,BINANCE,2015.61,2015.62,1.3519,32.1532,0.009999999999990905,2015.6149999999998,2026-03-31 02:24:08.247000
644,BINANCE:BTCUSDT,20260331,22408,BINANCE,66301.71,66301.72,0.02918,2.00404,0.00999999999476131,66301.715,2026-03-31 02:24:08.254000
645,BINANCE:ETHUSDT,20260331,22408,BINANCE,2015.61,2015.62,0.9019,32.1532,0.009999999999990905,2015.6149999999998,2026-03-31 02:24:08.255000
646,BINANCE:BTCUSDT,20260331,22408,BINANCE,66301.71,66301.72,0.0291,2.00404,0.00999999999476131,66301.715,2026-03-31 02:24:08.255000
647,BINANCE:BTCUSDT,20260331,22408,BINANCE,66301.71,66301.72,0.02902,2.00404,0.00999999999476131,66301.715,2026-03-31 02:24:08.255000
648,BINANCE:BTCUSDT,20260331,22408,BINANCE,66301.71,66301.72,0.0291,2.00404,0.00999999999476131,66301.715,2026-03-31 02:24:08.255000
649,BINANCE:BTCUSDT,20260331,22408,BINANCE,66301.71,66301.72,0.0291,2.00412,0.00999999999476131,66301.715,2026-03-31 02:24:08.256000
650,BINANCE:BTCUSDT,20260331,22408,BINANCE,66301.71,66301.72,0.02918,2.00412,0.00999999999476131,66301.715,2026-03-31 02:24:08.256000
651,BINANCE:BTCUSDT,20260331,22408,BINANCE,66301.71,66301.72,0.06117,2.00412,0.00999999999476131,66301.715,2026-03-31 02:24:08.256000
652,BINANCE:BTCUSDT,20260331,22408,BINANCE,66301.71,66301.72,0.06109,2.00412,0.00999999999476131,66301.715,2026-03-31 02:24:08.256000
653,BINANCE:BTCUSDT,20260331,22408,BINANCE,66301.71,66301.72,0.06101,2.00412,0.00999999999476131,66301.715,2026-03-31 02:24:08.256000
654,BINANCE:BTCUSDT,20260331,22408,BINANCE,66301.71,66301.72,0.06093,2.00412,0.00999999999476131,66301.715,2026-03-31 02:24:08.257000
655,BINANCE:BTCUSDT,20260331,22408,BINANCE,66301.71,66301.72,0.06101,2.00412,0.00999999999476131,66301.715,2026-03-31 02:24:08.257000
656,BINANCE:BTCUSDT,20260331,22408,BINANCE,66301.71,66301.72,0.06109,2.00412,0.00999999999476131,66301.715,2026-03-31 02:24:08.257000
657,BINANCE:BTCUSDT,20260331,22408,BINANCE,66301.71,66301.72,0.06109,2.0042,0.00999999999476131,66301.715,2026-03-31 02:24:08.257000
658,BINANCE:BTCUSDT,20260331,22408,BINANCE,66301.71,66301.72,0.06109,2.00428,0.00999999999476131,66301.715,2026-03-31 02:24:08.257000
659,BINANCE:BTCUSDT,20260331,22408,BINANCE,66301.71,66301.72,0.06109,2.00476,0.00999999999476131,66301.715,2026-03-31 02:24:08.259000
660,BINANCE:ETHUSDT,20260331,22408,BINANCE,2015.61,2015.62,0.9019,32.2522,0.009999999999990905,2015.6149999999998,2026-03-31 02:24:08.260000
661,BINANCE:ETHUSDT,20260331,22408,BINANCE,2015.61,2015.62,0.9019,32.3512,0.009999999999990905,2015.6149999999998,2026-03-31 02:24:08.261000
662,BINANCE:ETHUSDT,20260331,22408,BINANCE,2015.61,2015.62,0.9019,32.4502,0.009999999999990905,2015.6149999999998,2026-03-31 02:24:08.261000
663,BINANCE:BTCUSDT,20260331,22408,BINANCE,66301.71,66301.72,0.06109,2.00524,0.00999999999476131,66301.715,2026-03-31 02:24:08.261000
664,BINANCE:BTCUSDT,20260331,22408,BINANCE,66301.71,66301.72,0.06109,2.00713,0.00999999999476131,66301.715,2026-03-31 02:24:08.261000
665,BINANCE:BTCUSDT,20260331,22408,BINANCE,66301.71,66301.72,0.06109,2.00782,0.00999999999476131,66301.715,2026-03-31 02:24:08.263000
666,BINANCE:ETHUSDT,20260331,22408,BINANCE,2015.61,2015.62,0.9019,32.3512,0.009999999999990905,2015.6149999999998,2026-03-31 02:24:08.267000
667,BINANCE:ETHUSDT,20260331,22408,BINANCE,2015.61,2015.62,0.9019,32.2522,0.009999999999990905,2015.6149999999998,2026-03-31 02:24:08.267000
668,BINANCE:ETHUSDT,20260331,22408,BINANCE,2015.61,2015.62,0.9019,32.1532,0.009999999999990905,2015.6149999999998,2026-03-31 02:24:08.267000
669,BINANCE:ETHUSDT,20260331,22408,BINANCE,2015.61,2015.62,0.9019,32.177,0.009999999999990905,2015.6149999999998,2026-03-31 02:24:08.272000
670,BINANCE:BTCUSDT,20260331,22408,BINANCE,66301.71,66301.72,0.0291,2.00782,0.00999999999476131,66301.715,2026-03-31 02:24:08.276000
671,BINANCE:ETHUSDT,20260331,22408,BINANCE,2015.61,2015.62,0.9019,32.677,0.009999999999990905,2015.6149999999998,2026-03-31 02:24:08.277000
672,BINANCE:BTCUSDT,20260331,22408,BINANCE,66301.71,66301.72,0.0291,2.04847,0.00999999999476131,66301.715,2026-03-31 02:24:08.284000
673,BINANCE:BTCUSDT,20260331,22408,BINANCE,66301.71,66301.72,0.0291,1.89347,0.00999999999476131,66301.715,2026-03-31 02:24:08.296000
674,BINANCE:BTCUSDT,20260331,22408,BINANCE,66301.71,66301.72,0.0291,1.91347,0.00999999999476131,66301.715,2026-03-31 02:24:08.296000
675,BINANCE:BTCUSDT,20260331,22408,BINANCE,66301.71,66301.72,0.02902,1.91347,0.00999999999476131,66301.715,2026-03-31 02:24:08.305000
676,BINANCE:BTCUSDT,20260331,22408,BINANCE,66301.71,66301.72,0.02894,1.91347,0.00999999999476131,66301.715,2026-03-31 02:24:08.305000
677,BINANCE:BTCUSDT,20260331,22408,BINANCE,66301.71,66301.72,0.02886,1.91347,0.00999999999476131,66301.715,2026-03-31 02:24:08.306000
678,BINANCE:BTCUSDT,20260331,22408,BINANCE,66301.71,66301.72,0.02894,1.91347,0.00999999999476131,66301.715,2026-03-31 02:24:08.306000
679,BINANCE:ETHUSDT,20260331,22408,BINANCE,2015.61,2015.62,0.8993,32.677,0.009999999999990905,2015.6149999999998,2026-03-31 02:24:08.306000
680,BINANCE:ETHUSDT,20260331,22408,BINANCE,2015.61,2015.62,0.8967,32.677,0.009999999999990905,2015.6149999999998,2026-03-31 02:24:08.306000
681,BINANCE:ETHUSDT,20260331,22408,BINANCE,2015.61,2015.62,0.8941,32.677,0.009999999999990905,2015.6149999999998,2026-03-31 02:24:08.307000
682,BINANCE:BTCUSDT,20260331,22408,BINANCE,66301.71,66301.72,0.02894,1.89347,0.00999999999476131,66301.715,2026-03-31 02:24:08.307000
683,BINANCE:BTCUSDT,20260331,22408,BINANCE,66301.71,66301.72,0.02894,1.96347,0.00999999999476131,66301.715,2026-03-31 02:24:08.308000
684,BINANCE:ETHUSDT,20260331,22408,BINANCE,2015.61,2015.62,0.8941,32.776,0.009999999999990905,2015.6149999999998,2026-03-31 02:24:08.318000
685,BINANCE:ETHUSDT,20260331,22408,BINANCE,2015.61,2015.62,0.8941,32.875,0.009999999999990905,2015.6149999999998,2026-03-31 02:24:08.318000
686,BINANCE:ETHUSDT,20260331,22408,BINANCE,2015.61,2015.62,0.8941,32.974,0.009999999999990905,2015.6149999999998,2026-03-31 02:24:08.319000
687,BINANCE:BTCUSDT,20260331,22408,BINANCE,66301.71,66301.72,0.02894,1.96339,0.00999999999476131,66301.715,2026-03-31 02:24:08.319000
688,BINANCE:ETHUSDT,20260331,22408,BINANCE,2015.61,2015.62,0.8941,32.875,0.009999999999990905,2015.6149999999998,2026-03-31 02:24:08.322000
689,BINANCE:ETHUSDT,20260331,22408,BINANCE,2015.61,2015.62,0.8941,32.776,0.009999999999990905,2015.6149999999998,2026-03-31 02:24:08.322000
690,BINANCE:ETHUSDT,20260331,22408,BINANCE,2015.61,2015.62,0.8941,32.677,0.009999999999990905,2015.6149999999998,2026-03-31 02:24:08.322000
691,BINANCE:BTCUSDT,20260331,22408,BINANCE,66301.71,66301.72,0.02894,1.89339,0.00999999999476131,66301.715,2026-03-31 02:24:08.322000
692,BINANCE:BTCUSDT,20260331,22408,BINANCE,66301.71,66301.72,0.02894,1.91339,0.00999999999476131,66301.715,2026-03-31 02:24:08.323000
693,BINANCE:BTCUSDT,20260331,22408,BINANCE,66301.71,66301.72,0.02894,1.86719,0.00999999999476131,66301.715,2026-03-31 02:24:08.327000
694,BINANCE:BTCUSDT,20260331,22408,BINANCE,66300.0,66300.01,2.48767,0.14456,0.00999999999476131,66300.005,2026-03-31 02:24:08.352000
695,BINANCE:BTCUSDT,20260331,22408,BINANCE,66300.0,66300.01,2.48767,0.34441,0.00999999999476131,66300.005,2026-03-31 02:24:08.352000
696,BINANCE:BTCUSDT,20260331,22408,BINANCE,66300.0,66300.01,2.48767,0.54362,0.00999999999476131,66300.005,2026-03-31 02:24:08.352000
697,BINANCE:BTCUSDT,20260331,22408,BINANCE,66300.0,66300.01,2.48767,0.925,0.00999999999476131,66300.005,2026-03-31 02:24:08.352000
698,BINANCE:BTCUSDT,20260331,22408,BINANCE,66300.0,66300.01,2.48767,1.30638,0.00999999999476131,66300.005,2026-03-31 02:24:08.353000
699,BINANCE:BTCUSDT,20260331,22408,BINANCE,66300.0,66300.01,2.48767,1.41702,0.00999999999476131,66300.005,2026-03-31 02:24:08.353000
700,BINANCE:BTCUSDT,20260331,22408,BINANCE,66300.0,66300.01,2.48767,1.53438,0.00999999999476131,66300.005,2026-03-31 02:24:08.353000
701,BINANCE:BTCUSDT,20260331,22408,BINANCE,66300.0,66300.01,2.48767,1.91576,0.00999999999476131,66300.005,2026-03-31 02:24:08.353000
702,BINANCE:BTCUSDT,20260331,22408,BINANCE,66300.0,66300.01,2.48767,2.03504,0.00999999999476131,66300.005,2026-03-31 02:24:08.353000
703,BINANCE:BTCUSDT,20260331,22408,BINANCE,66300.0,66300.01,2.48767,2.14352,0.00999999999476131,66300.005,2026-03-31 02:24:08.353000
704,BINANCE:BTCUSDT,20260331,22408,BINANCE,66300.0,66300.01,2.48767,2.18041,0.00999999999476131,66300.005,2026-03-31 02:24:08.354000
705,BINANCE:BTCUSDT,20260331,22408,BINANCE,66300.0,66300.01,2.48767,2.38005,0.00999999999476131,66300.005,2026-03-31 02:24:08.354000
706,BINANCE:BTCUSDT,20260331,22408,BINANCE,66300.0,66300.01,2.48767,2.41694,0.00999999999476131,66300.005,2026-03-31 02:24:08.354000
707,BINANCE:BTCUSDT,20260331,22408,BINANCE,66300.0,66300.01,2.48767,2.43984,0.00999999999476131,66300.005,2026-03-31 02:24:08.354000
708,BINANCE:BTCUSDT,20260331,22408,BINANCE,66300.0,66300.01,2.48767,2.55132,0.00999999999476131,66300.005,2026-03-31 02:24:08.354000
709,BINANCE:BTCUSDT,20260331,22408,BINANCE,66300.0,66300.01,2.48767,2.5514,0.00999999999476131,66300.005,2026-03-31 02:24:08.354000
710,BINANCE:BTCUSDT,20260331,22408,BINANCE,66300.0,66300.01,2.48767,2.35176,0.00999999999476131,66300.005,2026-03-31 02:24:08.355000
711,BINANCE:BTCUSDT,20260331,22408,BINANCE,66300.0,66300.01,2.48767,2.15255,0.00999999999476131,66300.005,2026-03-31 02:24:08.355000
712,BINANCE:BTCUSDT,20260331,22408,BINANCE,66300.0,66300.01,2.48775,2.15255,0.00999999999476131,66300.005,2026-03-31 02:24:08.355000
713,BINANCE:BTCUSDT,20260331,22408,BINANCE,66300.0,66300.01,2.48783,2.15255,0.00999999999476131,66300.005,2026-03-31 02:24:08.355000
714,BINANCE:BTCUSDT,20260331,22408,BINANCE,66300.0,66300.01,2.48783,2.15271,0.00999999999476131,66300.005,2026-03-31 02:24:08.355000
715,BINANCE:BTCUSDT,20260331,22408,BINANCE,66300.0,66300.01,2.48783,2.03343,0.00999999999476131,66300.005,2026-03-31 02:24:08.355000
716,BINANCE:BTCUSDT,20260331,22408,BINANCE,66300.0,66300.01,2.48791,2.03343,0.00999999999476131,66300.005,2026-03-31 02:24:08.356000
717,BINANCE:BTCUSDT,20260331,22408,BINANCE,66300.0,66300.01,2.48791,2.04195,0.00999999999476131,66300.005,2026-03-31 02:24:08.356000
718,BINANCE:BTCUSDT,20260331,22408,BINANCE,66300.0,66300.01,2.48791,1.93347,0.00999999999476131,66300.005,2026-03-31 02:24:08.356000
719,BINANCE:BTCUSDT,20260331,22408,BINANCE,66300.0,66300.01,2.48799,1.93347,0.00999999999476131,66300.005,2026-03-31 02:24:08.356000
720,BINANCE:BTCUSDT,20260331,22408,BINANCE,66300.0,66300.01,2.48815,1.93347,0.00999999999476131,66300.005,2026-03-31 02:24:08.356000
721,BINANCE:BTCUSDT,20260331,22408,BINANCE,66300.0,66300.01,2.48815,1.93591,0.00999999999476131,66300.005,2026-03-31 02:24:08.356000
722,BINANCE:BTCUSDT,20260331,22408,BINANCE,66300.0,66300.01,2.48823,1.93591,0.00999999999476131,66300.005,2026-03-31 02:24:08.357000
723,BINANCE:BTCUSDT,20260331,22408,BINANCE,66300.0,66300.01,2.48831,1.93591,0.00999999999476131,66300.005,2026-03-31 02:24:08.357000
724,BINANCE:BTCUSDT,20260331,22408,BINANCE,66300.0,66300.01,2.48839,1.93591,0.00999999999476131,66300.005,2026-03-31 02:24:08.357000
725,BINANCE:BTCUSDT,20260331,22408,BINANCE,66300.0,66300.01,2.48847,1.93591,0.00999999999476131,66300.005,2026-03-31 02:24:08.357000
726,BINANCE:BTCUSDT,20260331,22408,BINANCE,66300.0,66300.01,2.48855,1.93591,0.00999999999476131,66300.005,2026-03-31 02:24:08.357000
727,BINANCE:BTCUSDT,20260331,22408,BINANCE,66300.0,66300.01,2.48863,1.93591,0.00999999999476131,66300.005,2026-03-31 02:24:08.358000
728,BINANCE:BTCUSDT,20260331,22408,BINANCE,66300.0,66300.01,2.48871,1.93591,0.00999999999476131,66300.005,2026-03-31 02:24:08.358000
729,BINANCE:BTCUSDT,20260331,22408,BINANCE,66300.0,66300.01,2.48879,1.93591,0.00999999999476131,66300.005,2026-03-31 02:24:08.358000
730,BINANCE:BTCUSDT,20260331,22408,BINANCE,66300.0,66300.01,2.48879,2.41446,0.00999999999476131,66300.005,2026-03-31 02:24:08.358000
731,BINANCE:BTCUSDT,20260331,22408,BINANCE,66300.0,66300.01,2.48879,2.48039,0.00999999999476131,66300.005,2026-03-31 02:24:08.358000
732,BINANCE:BTCUSDT,20260331,22408,BINANCE,66300.0,66300.01,2.48879,2.55052,0.00999999999476131,66300.005,2026-03-31 02:24:08.359000
733,BINANCE:BTCUSDT,20260331,22408,BINANCE,66300.0,66300.01,2.48879,2.5803,0.00999999999476131,66300.005,2026-03-31 02:24:08.359000
734,BINANCE:BTCUSDT,20260331,22408,BINANCE,66300.0,66300.01,2.48879,2.58331,0.00999999999476131,66300.005,2026-03-31 02:24:08.359000
735,BINANCE:BTCUSDT,20260331,22408,BINANCE,66300.0,66300.01,2.48879,2.58511,0.00999999999476131,66300.005,2026-03-31 02:24:08.359000
736,BINANCE:BTCUSDT,20260331,22408,BINANCE,66300.0,66300.01,2.48887,2.58511,0.00999999999476131,66300.005,2026-03-31 02:24:08.359000
737,BINANCE:BTCUSDT,20260331,22408,BINANCE,66300.0,66300.01,2.48887,2.73428,0.00999999999476131,66300.005,2026-03-31 02:24:08.359000
738,BINANCE:BTCUSDT,20260331,22408,BINANCE,66300.0,66300.01,2.48887,2.74032,0.00999999999476131,66300.005,2026-03-31 02:24:08.360000
739,BINANCE:BTCUSDT,20260331,22408,BINANCE,66300.0,66300.01,2.48887,3.04397,0.00999999999476131,66300.005,2026-03-31 02:24:08.360000
740,BINANCE:BTCUSDT,20260331,22408,BINANCE,66300.0,66300.01,2.48895,3.04397,0.00999999999476131,66300.005,2026-03-31 02:24:08.360000
741,BINANCE:BTCUSDT,20260331,22408,BINANCE,66300.0,66300.01,2.48895,3.06397,0.00999999999476131,66300.005,2026-03-31 02:24:08.360000
742,BINANCE:BTCUSDT,20260331,22408,BINANCE,66300.0,66300.01,2.48895,3.26357,0.00999999999476131,66300.005,2026-03-31 02:24:08.360000
743,BINANCE:BTCUSDT,20260331,22408,BINANCE,66300.0,66300.01,2.48895,3.51257,0.00999999999476131,66300.005,2026-03-31 02:24:08.360000
744,BINANCE:BTCUSDT,20260331,22408,BINANCE,66300.0,66300.01,2.48895,3.51558,0.00999999999476131,66300.005,2026-03-31 02:24:08.360000
745,BINANCE:BTCUSDT,20260331,22408,BINANCE,66300.0,66300.01,2.48895,3.1342,0.00999999999476131,66300.005,2026-03-31 02:24:08.361000
746,BINANCE:BTCUSDT,20260331,22408,BINANCE,66300.0,66300.01,2.48895,3.27005,0.00999999999476131,66300.005,2026-03-31 02:24:08.361000
747,BINANCE:BTCUSDT,20260331,22408,BINANCE,66300.0,66300.01,2.48903,3.27005,0.00999999999476131,66300.005,2026-03-31 02:24:08.361000
748,BINANCE:BTCUSDT,20260331,22408,BINANCE,66300.0,66300.01,2.48903,2.88867,0.00999999999476131,66300.005,2026-03-31 02:24:08.361000
