trade_id,symbol_id,date_id,time_id,exchange_id,price,volume,notional_value,is_block_trade,event_ts
1,BINANCE:BTCUSDT,20260331,22419,BINANCE,66306.59,0.00023,15.2505157,False,2026-03-31 02:24:19.017000
2,BINANCE:BTCUSDT,20260331,22419,BINANCE,66306.58,8e-05,5.3045264,False,2026-03-31 02:24:19.139000
3,BINANCE:BTCUSDT,20260331,22419,BINANCE,66306.58,5e-05,3.315329,False,2026-03-31 02:24:19.139000
4,BINANCE:BNBUSDT,20260331,22419,BINANCE,608.81,0.187,113.84746999999999,False,2026-03-31 02:24:19.141000
5,BINANCE:BNBUSDT,20260331,22419,BINANCE,608.81,1.01,614.8981,False,2026-03-31 02:24:19.141000
6,BINANCE:BTCUSDT,20260331,22419,BINANCE,66306.58,3e-05,1.9891974000000001,False,2026-03-31 02:24:19.251000
7,BINANCE:BTCUSDT,20260331,22419,BINANCE,66306.58,0.00016,10.6090528,False,2026-03-31 02:24:19.251000
8,BINANCE:BTCUSDT,20260331,22419,BINANCE,66306.58,0.00016,10.6090528,False,2026-03-31 02:24:19.251000
9,BINANCE:BTCUSDT,20260331,22419,BINANCE,66306.58,9e-05,5.9675922,False,2026-03-31 02:24:19.251000
10,BINANCE:BTCUSDT,20260331,22419,BINANCE,66306.58,0.00016,10.6090528,False,2026-03-31 02:24:19.251000
11,BINANCE:BTCUSDT,20260331,22419,BINANCE,66306.58,9e-05,5.9675922,False,2026-03-31 02:24:19.251000
12,BINANCE:BTCUSDT,20260331,22419,BINANCE,66306.58,0.00016,10.6090528,False,2026-03-31 02:24:19.251000
13,BINANCE:BTCUSDT,20260331,22419,BINANCE,66306.58,8e-05,5.3045264,False,2026-03-31 02:24:19.251000
14,BINANCE:BTCUSDT,20260331,22419,BINANCE,66306.58,8e-05,5.3045264,False,2026-03-31 02:24:19.251000
15,BINANCE:BTCUSDT,20260331,22419,BINANCE,66306.58,8e-05,5.3045264,False,2026-03-31 02:24:19.251000
16,BINANCE:BTCUSDT,20260331,22419,BINANCE,66306.58,0.00016,10.6090528,False,2026-03-31 02:24:19.251000
17,BINANCE:BTCUSDT,20260331,22419,BINANCE,66306.58,0.05483,3635.5897814,False,2026-03-31 02:24:19.251000
18,BINANCE:BTCUSDT,20260331,22419,BINANCE,66306.58,0.02438,1616.5544204,False,2026-03-31 02:24:19.251000
19,BINANCE:BTCUSDT,20260331,22419,BINANCE,66306.58,0.01755,1163.680479,False,2026-03-31 02:24:19.251000
20,BINANCE:BTCUSDT,20260331,22419,BINANCE,66306.58,8e-05,5.3045264,False,2026-03-31 02:24:19.251000
21,BINANCE:BTCUSDT,20260331,22419,BINANCE,66306.58,0.00018,11.9351844,False,2026-03-31 02:24:19.251000
22,BINANCE:BTCUSDT,20260331,22419,BINANCE,66306.58,8e-05,5.3045264,False,2026-03-31 02:24:19.251000
23,BINANCE:BTCUSDT,20260331,22419,BINANCE,66306.58,8e-05,5.3045264,False,2026-03-31 02:24:19.251000
24,BINANCE:BTCUSDT,20260331,22419,BINANCE,66306.58,8e-05,5.3045264,False,2026-03-31 02:24:19.251000
25,BINANCE:BTCUSDT,20260331,22419,BINANCE,66306.58,8e-05,5.3045264,False,2026-03-31 02:24:19.251000
26,BINANCE:BTCUSDT,20260331,22419,BINANCE,66306.58,8e-05,5.3045264,False,2026-03-31 02:24:19.251000
27,BINANCE:BTCUSDT,20260331,22419,BINANCE,66306.58,8e-05,5.3045264,False,2026-03-31 02:24:19.251000
28,BINANCE:BTCUSDT,20260331,22419,BINANCE,66306.58,8e-05,5.3045264,False,2026-03-31 02:24:19.251000
29,BINANCE:BTCUSDT,20260331,22419,BINANCE,66306.58,8e-05,5.3045264,False,2026-03-31 02:24:19.251000
30,BINANCE:BTCUSDT,20260331,22419,BINANCE,66306.58,8e-05,5.3045264,False,2026-03-31 02:24:19.251000
31,BINANCE:BTCUSDT,20260331,22419,BINANCE,66306.58,8e-05,5.3045264,False,2026-03-31 02:24:19.251000
32,BINANCE:BTCUSDT,20260331,22419,BINANCE,66306.58,8e-05,5.3045264,False,2026-03-31 02:24:19.251000
33,BINANCE:BTCUSDT,20260331,22419,BINANCE,66306.58,8e-05,5.3045264,False,2026-03-31 02:24:19.251000
34,BINANCE:BTCUSDT,20260331,22419,BINANCE,66306.58,8e-05,5.3045264,False,2026-03-31 02:24:19.251000
35,BINANCE:BTCUSDT,20260331,22419,BINANCE,66306.58,8e-05,5.3045264,False,2026-03-31 02:24:19.251000
36,BINANCE:BTCUSDT,20260331,22419,BINANCE,66306.58,8e-05,5.3045264,False,2026-03-31 02:24:19.251000
37,BINANCE:BTCUSDT,20260331,22419,BINANCE,66306.58,8e-05,5.3045264,False,2026-03-31 02:24:19.251000
38,BINANCE:BTCUSDT,20260331,22419,BINANCE,66306.58,8e-05,5.3045264,False,2026-03-31 02:24:19.251000
39,BINANCE:BTCUSDT,20260331,22419,BINANCE,66306.58,8e-05,5.3045264,False,2026-03-31 02:24:19.251000
40,BINANCE:BTCUSDT,20260331,22419,BINANCE,66306.58,8e-05,5.3045264,False,2026-03-31 02:24:19.251000
41,BINANCE:BTCUSDT,20260331,22419,BINANCE,66306.58,8e-05,5.3045264,False,2026-03-31 02:24:19.251000
42,BINANCE:BTCUSDT,20260331,22419,BINANCE,66306.58,8e-05,5.3045264,False,2026-03-31 02:24:19.251000
43,BINANCE:BTCUSDT,20260331,22419,BINANCE,66306.58,8e-05,5.3045264,False,2026-03-31 02:24:19.251000
44,BINANCE:BTCUSDT,20260331,22419,BINANCE,66306.58,8e-05,5.3045264,False,2026-03-31 02:24:19.251000
45,BINANCE:BTCUSDT,20260331,22419,BINANCE,66306.58,8e-05,5.3045264,False,2026-03-31 02:24:19.251000
46,BINANCE:BTCUSDT,20260331,22419,BINANCE,66306.57,8e-05,5.304525600000001,False,2026-03-31 02:24:19.251000
47,BINANCE:BTCUSDT,20260331,22419,BINANCE,66306.57,8e-05,5.304525600000001,False,2026-03-31 02:24:19.251000
48,BINANCE:BTCUSDT,20260331,22419,BINANCE,66306.57,8e-05,5.304525600000001,False,2026-03-31 02:24:19.251000
49,BINANCE:BTCUSDT,20260331,22419,BINANCE,66306.57,8e-05,5.304525600000001,False,2026-03-31 02:24:19.251000
50,BINANCE:BTCUSDT,20260331,22419,BINANCE,66306.57,8e-05,5.304525600000001,False,2026-03-31 02:24:19.251000
51,BINANCE:BTCUSDT,20260331,22419,BINANCE,66306.57,8e-05,5.304525600000001,False,2026-03-31 02:24:19.251000
52,BINANCE:BTCUSDT,20260331,22419,BINANCE,66306.57,8e-05,5.304525600000001,False,2026-03-31 02:24:19.251000
53,BINANCE:BTCUSDT,20260331,22419,BINANCE,66306.57,8e-05,5.304525600000001,False,2026-03-31 02:24:19.251000
54,BINANCE:BTCUSDT,20260331,22419,BINANCE,66306.57,8e-05,5.304525600000001,False,2026-03-31 02:24:19.251000
55,BINANCE:BTCUSDT,20260331,22419,BINANCE,66306.57,8e-05,5.304525600000001,False,2026-03-31 02:24:19.251000
56,BINANCE:BTCUSDT,20260331,22419,BINANCE,66306.57,8e-05,5.304525600000001,False,2026-03-31 02:24:19.251000
57,BINANCE:BTCUSDT,20260331,22419,BINANCE,66306.49,8e-05,5.3045192000000005,False,2026-03-31 02:24:19.251000
58,BINANCE:BNBUSDT,20260331,22419,BINANCE,608.82,0.027,16.43814,False,2026-03-31 02:24:19.279000
59,BINANCE:BTCUSDT,20260331,22419,BINANCE,66305.19,8e-05,5.3044152,False,2026-03-31 02:24:19.304000
60,BINANCE:BTCUSDT,20260331,22419,BINANCE,66305.19,8e-05,5.3044152,False,2026-03-31 02:24:19.304000
61,BINANCE:BTCUSDT,20260331,22419,BINANCE,66305.19,8e-05,5.3044152,False,2026-03-31 02:24:19.304000
62,BINANCE:BTCUSDT,20260331,22419,BINANCE,66305.19,8e-05,5.3044152,False,2026-03-31 02:24:19.304000
63,BINANCE:BTCUSDT,20260331,22419,BINANCE,66305.19,8e-05,5.3044152,False,2026-03-31 02:24:19.304000
64,BINANCE:BTCUSDT,20260331,22419,BINANCE,66305.19,8e-05,5.3044152,False,2026-03-31 02:24:19.304000
65,BINANCE:BTCUSDT,20260331,22419,BINANCE,66305.19,8e-05,5.3044152,False,2026-03-31 02:24:19.304000
66,BINANCE:BTCUSDT,20260331,22419,BINANCE,66305.19,8e-05,5.3044152,False,2026-03-31 02:24:19.304000
67,BINANCE:BTCUSDT,20260331,22419,BINANCE,66305.19,8e-05,5.3044152,False,2026-03-31 02:24:19.304000
68,BINANCE:BTCUSDT,20260331,22419,BINANCE,66305.19,8e-05,5.3044152,False,2026-03-31 02:24:19.304000
69,BINANCE:BTCUSDT,20260331,22419,BINANCE,66305.19,8e-05,5.3044152,False,2026-03-31 02:24:19.304000
70,BINANCE:BTCUSDT,20260331,22419,BINANCE,66305.19,8e-05,5.3044152,False,2026-03-31 02:24:19.304000
71,BINANCE:BTCUSDT,20260331,22419,BINANCE,66305.19,8e-05,5.3044152,False,2026-03-31 02:24:19.304000
72,BINANCE:BTCUSDT,20260331,22419,BINANCE,66305.19,8e-05,5.3044152,False,2026-03-31 02:24:19.304000
73,BINANCE:BTCUSDT,20260331,22419,BINANCE,66305.19,8e-05,5.3044152,False,2026-03-31 02:24:19.304000
74,BINANCE:BTCUSDT,20260331,22419,BINANCE,66305.19,0.00016,10.6088304,False,2026-03-31 02:24:19.304000
75,BINANCE:BTCUSDT,20260331,22419,BINANCE,66305.19,8e-05,5.3044152,False,2026-03-31 02:24:19.304000
76,BINANCE:BTCUSDT,20260331,22419,BINANCE,66305.19,8e-05,5.3044152,False,2026-03-31 02:24:19.304000
77,BINANCE:BTCUSDT,20260331,22419,BINANCE,66305.19,8e-05,5.3044152,False,2026-03-31 02:24:19.304000
78,BINANCE:BTCUSDT,20260331,22419,BINANCE,66305.19,8e-05,5.3044152,False,2026-03-31 02:24:19.304000
79,BINANCE:BTCUSDT,20260331,22419,BINANCE,66305.19,8e-05,5.3044152,False,2026-03-31 02:24:19.304000
80,BINANCE:BTCUSDT,20260331,22419,BINANCE,66305.19,8e-05,5.3044152,False,2026-03-31 02:24:19.304000
81,BINANCE:BTCUSDT,20260331,22419,BINANCE,66305.19,8e-05,5.3044152,False,2026-03-31 02:24:19.304000
82,BINANCE:BTCUSDT,20260331,22419,BINANCE,66305.19,8e-05,5.3044152,False,2026-03-31 02:24:19.304000
83,BINANCE:BTCUSDT,20260331,22419,BINANCE,66305.19,8e-05,5.3044152,False,2026-03-31 02:24:19.304000
84,BINANCE:BTCUSDT,20260331,22419,BINANCE,66305.19,8e-05,5.3044152,False,2026-03-31 02:24:19.304000
85,BINANCE:BTCUSDT,20260331,22419,BINANCE,66305.19,8e-05,5.3044152,False,2026-03-31 02:24:19.304000
86,BINANCE:BTCUSDT,20260331,22419,BINANCE,66305.18,8e-05,5.3044144,False,2026-03-31 02:24:19.304000
87,BINANCE:BTCUSDT,20260331,22419,BINANCE,66305.18,8e-05,5.3044144,False,2026-03-31 02:24:19.304000
88,BINANCE:BTCUSDT,20260331,22419,BINANCE,66305.18,8e-05,5.3044144,False,2026-03-31 02:24:19.304000
89,BINANCE:BTCUSDT,20260331,22419,BINANCE,66305.18,8e-05,5.3044144,False,2026-03-31 02:24:19.304000
90,BINANCE:BTCUSDT,20260331,22419,BINANCE,66305.18,8e-05,5.3044144,False,2026-03-31 02:24:19.304000
91,BINANCE:BTCUSDT,20260331,22419,BINANCE,66305.18,8e-05,5.3044144,False,2026-03-31 02:24:19.304000
92,BINANCE:BTCUSDT,20260331,22419,BINANCE,66305.18,8e-05,5.3044144,False,2026-03-31 02:24:19.304000
93,BINANCE:BTCUSDT,20260331,22419,BINANCE,66305.18,8e-05,5.3044144,False,2026-03-31 02:24:19.304000
94,BINANCE:BTCUSDT,20260331,22419,BINANCE,66305.18,8e-05,5.3044144,False,2026-03-31 02:24:19.304000
95,BINANCE:BTCUSDT,20260331,22419,BINANCE,66305.18,8e-05,5.3044144,False,2026-03-31 02:24:19.304000
96,BINANCE:BTCUSDT,20260331,22419,BINANCE,66305.18,8e-05,5.3044144,False,2026-03-31 02:24:19.304000
97,BINANCE:BTCUSDT,20260331,22419,BINANCE,66305.18,8e-05,5.3044144,False,2026-03-31 02:24:19.304000
98,BINANCE:BTCUSDT,20260331,22419,BINANCE,66305.18,8e-05,5.3044144,False,2026-03-31 02:24:19.304000
99,BINANCE:BTCUSDT,20260331,22419,BINANCE,66305.18,8e-05,5.3044144,False,2026-03-31 02:24:19.304000
100,BINANCE:BTCUSDT,20260331,22419,BINANCE,66304.14,8e-05,5.3043312,False,2026-03-31 02:24:19.304000
101,BINANCE:BTCUSDT,20260331,22419,BINANCE,66304.13,8e-05,5.3043304000000004,False,2026-03-31 02:24:19.304000
102,BINANCE:BTCUSDT,20260331,22419,BINANCE,66304.13,8e-05,5.3043304000000004,False,2026-03-31 02:24:19.304000
103,BINANCE:BTCUSDT,20260331,22419,BINANCE,66303.84,8e-05,5.3043072,False,2026-03-31 02:24:19.304000
104,BINANCE:BTCUSDT,20260331,22419,BINANCE,66303.63,8e-05,5.304290400000001,False,2026-03-31 02:24:19.304000
105,BINANCE:BTCUSDT,20260331,22419,BINANCE,66303.5,0.00011,7.293385000000001,False,2026-03-31 02:24:19.304000
106,BINANCE:BTCUSDT,20260331,22419,BINANCE,66303.5,8e-05,5.30428,False,2026-03-31 02:24:19.304000
107,BINANCE:BTCUSDT,20260331,22419,BINANCE,66303.5,0.00028,18.56498,False,2026-03-31 02:24:19.304000
108,BINANCE:BTCUSDT,20260331,22419,BINANCE,66303.49,8e-05,5.304279200000001,False,2026-03-31 02:24:19.304000
109,BINANCE:BTCUSDT,20260331,22419,BINANCE,66303.49,8e-05,5.304279200000001,False,2026-03-31 02:24:19.304000
110,BINANCE:BTCUSDT,20260331,22419,BINANCE,66303.49,8e-05,5.304279200000001,False,2026-03-31 02:24:19.304000
111,BINANCE:BTCUSDT,20260331,22419,BINANCE,66303.49,8e-05,5.304279200000001,False,2026-03-31 02:24:19.304000
112,BINANCE:BTCUSDT,20260331,22419,BINANCE,66303.49,8e-05,5.304279200000001,False,2026-03-31 02:24:19.304000
113,BINANCE:BTCUSDT,20260331,22419,BINANCE,66303.2,9e-05,5.967288,False,2026-03-31 02:24:19.304000
114,BINANCE:BTCUSDT,20260331,22419,BINANCE,66303.0,9e-05,5.96727,False,2026-03-31 02:24:19.304000
115,BINANCE:BTCUSDT,20260331,22419,BINANCE,66302.97,8e-05,5.3042376,False,2026-03-31 02:24:19.304000
116,BINANCE:BTCUSDT,20260331,22419,BINANCE,66302.5,0.00239,158.462975,False,2026-03-31 02:24:19.304000
117,BINANCE:BNBUSDT,20260331,22419,BINANCE,608.81,1.0,608.81,False,2026-03-31 02:24:19.393000
118,BINANCE:BNBUSDT,20260331,22419,BINANCE,608.81,1.13,687.9552999999999,False,2026-03-31 02:24:19.394000
119,BINANCE:BNBUSDT,20260331,22419,BINANCE,608.81,4.0,2435.24,False,2026-03-31 02:24:19.394000
120,BINANCE:BNBUSDT,20260331,22419,BINANCE,608.81,9.341,5686.8942099999995,False,2026-03-31 02:24:19.394000
121,BINANCE:BNBUSDT,20260331,22419,BINANCE,608.81,0.6,365.28599999999994,False,2026-03-31 02:24:19.395000
122,BINANCE:BNBUSDT,20260331,22419,BINANCE,608.81,6.847,4168.52207,False,2026-03-31 02:24:19.395000
123,BINANCE:BNBUSDT,20260331,22419,BINANCE,608.81,5.06,3080.5785999999994,False,2026-03-31 02:24:19.395000
124,BINANCE:BNBUSDT,20260331,22419,BINANCE,608.81,3.599,2191.1071899999997,False,2026-03-31 02:24:19.395000
125,BINANCE:BNBUSDT,20260331,22419,BINANCE,608.81,5.676,3455.60556,False,2026-03-31 02:24:19.395000
126,BINANCE:BNBUSDT,20260331,22419,BINANCE,608.81,7.049,4291.50169,False,2026-03-31 02:24:19.395000
127,BINANCE:BNBUSDT,20260331,22419,BINANCE,608.81,0.009,5.479289999999999,False,2026-03-31 02:24:19.395000
128,BINANCE:BNBUSDT,20260331,22419,BINANCE,608.81,0.009,5.479289999999999,False,2026-03-31 02:24:19.395000
129,BINANCE:BNBUSDT,20260331,22419,BINANCE,608.81,0.009,5.479289999999999,False,2026-03-31 02:24:19.395000
130,BINANCE:BNBUSDT,20260331,22419,BINANCE,608.81,0.009,5.479289999999999,False,2026-03-31 02:24:19.395000
131,BINANCE:BNBUSDT,20260331,22419,BINANCE,608.81,0.009,5.479289999999999,False,2026-03-31 02:24:19.395000
132,BINANCE:BNBUSDT,20260331,22419,BINANCE,608.81,0.009,5.479289999999999,False,2026-03-31 02:24:19.395000
133,BINANCE:BNBUSDT,20260331,22419,BINANCE,608.81,0.009,5.479289999999999,False,2026-03-31 02:24:19.395000
134,BINANCE:BNBUSDT,20260331,22419,BINANCE,608.81,0.009,5.479289999999999,False,2026-03-31 02:24:19.395000
135,BINANCE:BNBUSDT,20260331,22419,BINANCE,608.81,0.009,5.479289999999999,False,2026-03-31 02:24:19.395000
136,BINANCE:BNBUSDT,20260331,22419,BINANCE,608.81,0.009,5.479289999999999,False,2026-03-31 02:24:19.395000
137,BINANCE:BNBUSDT,20260331,22419,BINANCE,608.81,0.009,5.479289999999999,False,2026-03-31 02:24:19.395000
138,BINANCE:BNBUSDT,20260331,22419,BINANCE,608.81,0.009,5.479289999999999,False,2026-03-31 02:24:19.395000
139,BINANCE:BNBUSDT,20260331,22419,BINANCE,608.81,0.009,5.479289999999999,False,2026-03-31 02:24:19.395000
140,BINANCE:BNBUSDT,20260331,22419,BINANCE,608.8,0.115,70.012,False,2026-03-31 02:24:19.395000
141,BINANCE:BNBUSDT,20260331,22419,BINANCE,608.8,0.035,21.308,False,2026-03-31 02:24:19.395000
142,BINANCE:BNBUSDT,20260331,22419,BINANCE,608.8,0.03,18.264,False,2026-03-31 02:24:19.395000
143,BINANCE:BNBUSDT,20260331,22419,BINANCE,608.8,2.466,1501.3008,False,2026-03-31 02:24:19.395000
144,BINANCE:BNBUSDT,20260331,22419,BINANCE,608.8,0.01,6.088,False,2026-03-31 02:24:19.395000
145,BINANCE:BNBUSDT,20260331,22419,BINANCE,608.8,0.009,5.479199999999999,False,2026-03-31 02:24:19.395000
146,BINANCE:BNBUSDT,20260331,22419,BINANCE,608.8,0.009,5.479199999999999,False,2026-03-31 02:24:19.395000
147,BINANCE:BNBUSDT,20260331,22419,BINANCE,608.79,0.009,5.4791099999999995,False,2026-03-31 02:24:19.397000
148,BINANCE:BNBUSDT,20260331,22419,BINANCE,608.79,0.009,5.4791099999999995,False,2026-03-31 02:24:19.397000
149,BINANCE:BNBUSDT,20260331,22419,BINANCE,608.79,0.009,5.4791099999999995,False,2026-03-31 02:24:19.397000
150,BINANCE:BNBUSDT,20260331,22419,BINANCE,608.79,0.009,5.4791099999999995,False,2026-03-31 02:24:19.397000
151,BINANCE:BNBUSDT,20260331,22419,BINANCE,608.79,0.009,5.4791099999999995,False,2026-03-31 02:24:19.397000
152,BINANCE:BNBUSDT,20260331,22419,BINANCE,608.79,0.009,5.4791099999999995,False,2026-03-31 02:24:19.397000
153,BINANCE:BNBUSDT,20260331,22419,BINANCE,608.79,0.009,5.4791099999999995,False,2026-03-31 02:24:19.397000
154,BINANCE:BNBUSDT,20260331,22419,BINANCE,608.79,0.009,5.4791099999999995,False,2026-03-31 02:24:19.397000
155,BINANCE:BNBUSDT,20260331,22419,BINANCE,608.79,0.009,5.4791099999999995,False,2026-03-31 02:24:19.397000
156,BINANCE:BNBUSDT,20260331,22419,BINANCE,608.79,0.009,5.4791099999999995,False,2026-03-31 02:24:19.397000
157,BINANCE:BNBUSDT,20260331,22419,BINANCE,608.78,0.174,105.92772,False,2026-03-31 02:24:19.397000
158,BINANCE:BNBUSDT,20260331,22419,BINANCE,608.78,0.01,6.0878,False,2026-03-31 02:24:19.397000
159,BINANCE:BNBUSDT,20260331,22419,BINANCE,608.78,0.009,5.479019999999999,False,2026-03-31 02:24:19.397000
160,BINANCE:BNBUSDT,20260331,22419,BINANCE,608.78,0.009,5.479019999999999,False,2026-03-31 02:24:19.397000
161,BINANCE:BNBUSDT,20260331,22419,BINANCE,608.77,0.017,10.34909,False,2026-03-31 02:24:19.398000
162,BINANCE:BNBUSDT,20260331,22419,BINANCE,608.77,0.009,5.478929999999999,False,2026-03-31 02:24:19.398000
163,BINANCE:BNBUSDT,20260331,22419,BINANCE,608.77,0.009,5.478929999999999,False,2026-03-31 02:24:19.398000
164,BINANCE:BNBUSDT,20260331,22419,BINANCE,608.77,0.009,5.478929999999999,False,2026-03-31 02:24:19.398000
165,BINANCE:BNBUSDT,20260331,22419,BINANCE,608.77,0.009,5.478929999999999,False,2026-03-31 02:24:19.398000
166,BINANCE:BNBUSDT,20260331,22419,BINANCE,608.77,0.009,5.478929999999999,False,2026-03-31 02:24:19.398000
167,BINANCE:BNBUSDT,20260331,22419,BINANCE,608.77,0.009,5.478929999999999,False,2026-03-31 02:24:19.398000
168,BINANCE:BNBUSDT,20260331,22419,BINANCE,608.77,0.009,5.478929999999999,False,2026-03-31 02:24:19.398000
169,BINANCE:BNBUSDT,20260331,22419,BINANCE,608.77,0.009,5.478929999999999,False,2026-03-31 02:24:19.398000
170,BINANCE:BNBUSDT,20260331,22419,BINANCE,608.77,1.914,1165.18578,False,2026-03-31 02:24:19.501000
171,BINANCE:BNBUSDT,20260331,22419,BINANCE,608.77,3.628,2208.61756,False,2026-03-31 02:24:19.501000
172,BINANCE:BNBUSDT,20260331,22419,BINANCE,608.77,0.438,266.64126,False,2026-03-31 02:24:19.501000
173,BINANCE:BNBUSDT,20260331,22419,BINANCE,608.77,0.751,457.18627,False,2026-03-31 02:24:19.501000
174,BINANCE:BNBUSDT,20260331,22419,BINANCE,608.77,0.034,20.69818,False,2026-03-31 02:24:19.501000
175,BINANCE:BNBUSDT,20260331,22419,BINANCE,608.77,1.44,876.6288,False,2026-03-31 02:24:19.501000
176,BINANCE:BNBUSDT,20260331,22419,BINANCE,608.77,2.415,1470.17955,False,2026-03-31 02:24:19.501000
177,BINANCE:BNBUSDT,20260331,22419,BINANCE,608.76,0.085,51.744600000000005,False,2026-03-31 02:24:19.592000
178,BINANCE:BNBUSDT,20260331,22419,BINANCE,608.76,0.01,6.0876,False,2026-03-31 02:24:19.592000
179,BINANCE:BNBUSDT,20260331,22419,BINANCE,608.76,0.009,5.47884,False,2026-03-31 02:24:19.592000
180,BINANCE:BNBUSDT,20260331,22419,BINANCE,608.76,0.009,5.47884,False,2026-03-31 02:24:19.592000
181,BINANCE:BNBUSDT,20260331,22419,BINANCE,608.76,0.009,5.47884,False,2026-03-31 02:24:19.592000
182,BINANCE:BNBUSDT,20260331,22419,BINANCE,608.76,0.009,5.47884,False,2026-03-31 02:24:19.592000
183,BINANCE:BNBUSDT,20260331,22419,BINANCE,608.76,0.009,5.47884,False,2026-03-31 02:24:19.592000
184,BINANCE:BNBUSDT,20260331,22419,BINANCE,608.76,0.009,5.47884,False,2026-03-31 02:24:19.592000
185,BINANCE:BNBUSDT,20260331,22419,BINANCE,608.76,0.009,5.47884,False,2026-03-31 02:24:19.592000
186,BINANCE:BNBUSDT,20260331,22419,BINANCE,608.76,0.009,5.47884,False,2026-03-31 02:24:19.592000
187,BINANCE:BNBUSDT,20260331,22419,BINANCE,608.76,0.009,5.47884,False,2026-03-31 02:24:19.592000
188,BINANCE:BNBUSDT,20260331,22419,BINANCE,608.76,0.009,5.47884,False,2026-03-31 02:24:19.592000
189,BINANCE:BNBUSDT,20260331,22419,BINANCE,608.76,0.009,5.47884,False,2026-03-31 02:24:19.592000
190,BINANCE:BNBUSDT,20260331,22419,BINANCE,608.76,0.009,5.47884,False,2026-03-31 02:24:19.592000
191,BINANCE:BNBUSDT,20260331,22419,BINANCE,608.76,0.009,5.47884,False,2026-03-31 02:24:19.592000
192,BINANCE:BNBUSDT,20260331,22419,BINANCE,608.76,0.009,5.47884,False,2026-03-31 02:24:19.592000
193,BINANCE:BNBUSDT,20260331,22419,BINANCE,608.75,0.09,54.7875,False,2026-03-31 02:24:19.592000
194,BINANCE:BNBUSDT,20260331,22419,BINANCE,608.75,0.037,22.52375,False,2026-03-31 02:24:19.592000
195,BINANCE:BNBUSDT,20260331,22419,BINANCE,608.75,0.021,12.783750000000001,False,2026-03-31 02:24:19.592000
196,BINANCE:BNBUSDT,20260331,22419,BINANCE,608.75,0.017,10.34875,False,2026-03-31 02:24:19.592000
197,BINANCE:BNBUSDT,20260331,22419,BINANCE,608.75,0.009,5.47875,False,2026-03-31 02:24:19.592000
198,BINANCE:BNBUSDT,20260331,22419,BINANCE,608.75,0.009,5.47875,False,2026-03-31 02:24:19.592000
199,BINANCE:BNBUSDT,20260331,22419,BINANCE,608.74,0.046,28.00204,False,2026-03-31 02:24:19.592000
200,BINANCE:BNBUSDT,20260331,22419,BINANCE,608.74,0.009,5.47866,False,2026-03-31 02:24:19.592000
201,BINANCE:BNBUSDT,20260331,22419,BINANCE,608.74,0.01,6.087400000000001,False,2026-03-31 02:24:19.592000
202,BINANCE:BNBUSDT,20260331,22419,BINANCE,608.74,0.009,5.47866,False,2026-03-31 02:24:19.592000
203,BINANCE:BNBUSDT,20260331,22419,BINANCE,608.74,0.009,5.47866,False,2026-03-31 02:24:19.592000
204,BINANCE:BNBUSDT,20260331,22419,BINANCE,608.73,0.025,15.218250000000001,False,2026-03-31 02:24:19.592000
205,BINANCE:BNBUSDT,20260331,22419,BINANCE,608.73,0.011,6.6960299999999995,False,2026-03-31 02:24:19.592000
206,BINANCE:ETHUSDT,20260331,22419,BINANCE,2015.62,0.066,133.03092,False,2026-03-31 02:24:19.764000
207,BINANCE:ETHUSDT,20260331,22419,BINANCE,2015.62,0.0835,168.30427,False,2026-03-31 02:24:19.764000
208,BINANCE:BTCUSDT,20260331,22419,BINANCE,66302.43,8e-05,5.3041944,False,2026-03-31 02:24:19.918000
209,BINANCE:BTCUSDT,20260331,22419,BINANCE,66302.43,0.00082,54.367992599999994,False,2026-03-31 02:24:19.918000
210,BINANCE:BTCUSDT,20260331,22419,BINANCE,66302.44,0.00038,25.194927200000002,False,2026-03-31 02:24:19.935000
211,BINANCE:BNBUSDT,20260331,22419,BINANCE,608.73,0.04,24.3492,False,2026-03-31 02:24:19.937000
212,BINANCE:BNBUSDT,20260331,22419,BINANCE,608.73,0.009,5.4785699999999995,False,2026-03-31 02:24:19.937000
213,BINANCE:BNBUSDT,20260331,22419,BINANCE,608.73,0.009,5.4785699999999995,False,2026-03-31 02:24:19.937000
214,BINANCE:BNBUSDT,20260331,22419,BINANCE,608.73,0.009,5.4785699999999995,False,2026-03-31 02:24:19.937000
215,BINANCE:BNBUSDT,20260331,22419,BINANCE,608.73,0.009,5.4785699999999995,False,2026-03-31 02:24:19.937000
216,BINANCE:BNBUSDT,20260331,22419,BINANCE,608.73,0.009,5.4785699999999995,False,2026-03-31 02:24:19.937000
217,BINANCE:BNBUSDT,20260331,22419,BINANCE,608.73,0.009,5.4785699999999995,False,2026-03-31 02:24:19.937000
218,BINANCE:BNBUSDT,20260331,22419,BINANCE,608.73,0.906,551.5093800000001,False,2026-03-31 02:24:19.937000
219,BINANCE:BNBUSDT,20260331,22419,BINANCE,608.73,2.0,1217.46,False,2026-03-31 02:24:19.937000
220,BINANCE:BNBUSDT,20260331,22419,BINANCE,608.73,0.009,5.4785699999999995,False,2026-03-31 02:24:19.938000
221,BINANCE:BNBUSDT,20260331,22419,BINANCE,608.73,0.009,5.4785699999999995,False,2026-03-31 02:24:19.938000
222,BINANCE:BNBUSDT,20260331,22419,BINANCE,608.73,0.009,5.4785699999999995,False,2026-03-31 02:24:19.938000
223,BINANCE:BNBUSDT,20260331,22419,BINANCE,608.73,0.009,5.4785699999999995,False,2026-03-31 02:24:19.938000
224,BINANCE:BNBUSDT,20260331,22419,BINANCE,608.73,0.009,5.4785699999999995,False,2026-03-31 02:24:19.938000
225,BINANCE:BNBUSDT,20260331,22419,BINANCE,608.73,0.009,5.4785699999999995,False,2026-03-31 02:24:19.938000
226,BINANCE:BNBUSDT,20260331,22420,BINANCE,608.72,0.024,14.609280000000002,False,2026-03-31 02:24:20.007000
227,BINANCE:BNBUSDT,20260331,22420,BINANCE,608.72,0.01,6.0872,False,2026-03-31 02:24:20.007000
228,BINANCE:BNBUSDT,20260331,22420,BINANCE,608.72,0.009,5.47848,False,2026-03-31 02:24:20.007000
229,BINANCE:BNBUSDT,20260331,22420,BINANCE,608.72,0.009,5.47848,False,2026-03-31 02:24:20.007000
230,BINANCE:BNBUSDT,20260331,22420,BINANCE,608.72,0.009,5.47848,False,2026-03-31 02:24:20.007000
231,BINANCE:BNBUSDT,20260331,22420,BINANCE,608.72,0.009,5.47848,False,2026-03-31 02:24:20.007000
232,BINANCE:BNBUSDT,20260331,22420,BINANCE,608.72,0.009,5.47848,False,2026-03-31 02:24:20.007000
233,BINANCE:BNBUSDT,20260331,22420,BINANCE,608.72,0.009,5.47848,False,2026-03-31 02:24:20.007000
234,BINANCE:BNBUSDT,20260331,22420,BINANCE,608.72,0.009,5.47848,False,2026-03-31 02:24:20.007000
235,BINANCE:BNBUSDT,20260331,22420,BINANCE,608.72,0.009,5.47848,False,2026-03-31 02:24:20.007000
236,BINANCE:BNBUSDT,20260331,22420,BINANCE,608.72,0.009,5.47848,False,2026-03-31 02:24:20.007000
237,BINANCE:BNBUSDT,20260331,22420,BINANCE,608.71,0.009,5.47839,False,2026-03-31 02:24:20.008000
238,BINANCE:BNBUSDT,20260331,22420,BINANCE,608.71,0.009,5.47839,False,2026-03-31 02:24:20.008000
239,BINANCE:BNBUSDT,20260331,22420,BINANCE,608.71,0.009,5.47839,False,2026-03-31 02:24:20.008000
240,BINANCE:BNBUSDT,20260331,22420,BINANCE,608.7,0.009,5.4783,False,2026-03-31 02:24:20.008000
241,BINANCE:BNBUSDT,20260331,22420,BINANCE,608.7,0.009,5.4783,False,2026-03-31 02:24:20.008000
242,BINANCE:BNBUSDT,20260331,22420,BINANCE,608.7,0.009,5.4783,False,2026-03-31 02:24:20.008000
243,BINANCE:BNBUSDT,20260331,22420,BINANCE,608.7,0.01,6.087000000000001,False,2026-03-31 02:24:20.008000
244,BINANCE:BNBUSDT,20260331,22420,BINANCE,608.7,0.009,5.4783,False,2026-03-31 02:24:20.008000
245,BINANCE:BNBUSDT,20260331,22420,BINANCE,608.7,0.009,5.4783,False,2026-03-31 02:24:20.008000
246,BINANCE:BNBUSDT,20260331,22420,BINANCE,608.7,0.009,5.4783,False,2026-03-31 02:24:20.008000
247,BINANCE:BNBUSDT,20260331,22420,BINANCE,608.7,0.009,5.4783,False,2026-03-31 02:24:20.008000
248,BINANCE:BNBUSDT,20260331,22420,BINANCE,608.7,0.009,5.4783,False,2026-03-31 02:24:20.008000
249,BINANCE:BNBUSDT,20260331,22420,BINANCE,608.7,0.657,399.9159,False,2026-03-31 02:24:20.167000
250,BINANCE:ETHUSDT,20260331,22420,BINANCE,2015.62,0.0075,15.117149999999999,False,2026-03-31 02:24:20.171000
251,BINANCE:BTCUSDT,20260331,22420,BINANCE,66302.44,0.00151,100.11668440000001,False,2026-03-31 02:24:20.286000
252,BINANCE:BNBUSDT,20260331,22420,BINANCE,608.69,0.012,7.304280000000001,False,2026-03-31 02:24:20.570000
253,BINANCE:BNBUSDT,20260331,22420,BINANCE,608.69,0.7,426.083,False,2026-03-31 02:24:20.570000
254,BINANCE:BTCUSDT,20260331,22420,BINANCE,66302.44,0.00031,20.5537564,False,2026-03-31 02:24:20.573000
255,BINANCE:BTCUSDT,20260331,22420,BINANCE,66302.43,8e-05,5.3041944,False,2026-03-31 02:24:20.873000
256,BINANCE:BTCUSDT,20260331,22420,BINANCE,66302.43,8e-05,5.3041944,False,2026-03-31 02:24:20.873000
257,BINANCE:BTCUSDT,20260331,22420,BINANCE,66302.43,8e-05,5.3041944,False,2026-03-31 02:24:20.873000
258,BINANCE:BTCUSDT,20260331,22420,BINANCE,66302.43,0.00016,10.6083888,False,2026-03-31 02:24:20.873000
259,BINANCE:BTCUSDT,20260331,22420,BINANCE,66302.43,8e-05,5.3041944,False,2026-03-31 02:24:20.873000
260,BINANCE:BTCUSDT,20260331,22420,BINANCE,66302.43,8e-05,5.3041944,False,2026-03-31 02:24:20.873000
261,BINANCE:BTCUSDT,20260331,22420,BINANCE,66302.43,8e-05,5.3041944,False,2026-03-31 02:24:20.873000
262,BINANCE:BTCUSDT,20260331,22420,BINANCE,66302.43,8e-05,5.3041944,False,2026-03-31 02:24:20.873000
263,BINANCE:BTCUSDT,20260331,22420,BINANCE,66302.43,8e-05,5.3041944,False,2026-03-31 02:24:20.873000
264,BINANCE:BTCUSDT,20260331,22420,BINANCE,66302.43,8e-05,5.3041944,False,2026-03-31 02:24:20.873000
265,BINANCE:BTCUSDT,20260331,22420,BINANCE,66302.43,8e-05,5.3041944,False,2026-03-31 02:24:20.873000
266,BINANCE:BTCUSDT,20260331,22420,BINANCE,66302.43,8e-05,5.3041944,False,2026-03-31 02:24:20.873000
267,BINANCE:BTCUSDT,20260331,22420,BINANCE,66302.43,8e-05,5.3041944,False,2026-03-31 02:24:20.873000
268,BINANCE:BTCUSDT,20260331,22420,BINANCE,66302.43,8e-05,5.3041944,False,2026-03-31 02:24:20.873000
269,BINANCE:BTCUSDT,20260331,22420,BINANCE,66302.43,8e-05,5.3041944,False,2026-03-31 02:24:20.873000
270,BINANCE:BTCUSDT,20260331,22420,BINANCE,66302.43,8e-05,5.3041944,False,2026-03-31 02:24:20.873000
271,BINANCE:BTCUSDT,20260331,22420,BINANCE,66302.43,0.00016,10.6083888,False,2026-03-31 02:24:20.873000
272,BINANCE:BTCUSDT,20260331,22420,BINANCE,66302.43,8e-05,5.3041944,False,2026-03-31 02:24:20.873000
273,BINANCE:BTCUSDT,20260331,22420,BINANCE,66302.43,8e-05,5.3041944,False,2026-03-31 02:24:20.873000
274,BINANCE:BTCUSDT,20260331,22420,BINANCE,66302.43,8e-05,5.3041944,False,2026-03-31 02:24:20.873000
275,BINANCE:BTCUSDT,20260331,22420,BINANCE,66302.43,8e-05,5.3041944,False,2026-03-31 02:24:20.873000
276,BINANCE:BTCUSDT,20260331,22420,BINANCE,66302.43,0.00016,10.6083888,False,2026-03-31 02:24:20.873000
277,BINANCE:BTCUSDT,20260331,22420,BINANCE,66302.43,8e-05,5.3041944,False,2026-03-31 02:24:20.873000
278,BINANCE:BTCUSDT,20260331,22420,BINANCE,66302.43,0.00111,73.5956973,False,2026-03-31 02:24:20.873000
279,BINANCE:BTCUSDT,20260331,22420,BINANCE,66302.43,8e-05,5.3041944,False,2026-03-31 02:24:20.873000
280,BINANCE:BTCUSDT,20260331,22420,BINANCE,66302.43,8e-05,5.3041944,False,2026-03-31 02:24:20.873000
281,BINANCE:BTCUSDT,20260331,22420,BINANCE,66302.43,8e-05,5.3041944,False,2026-03-31 02:24:20.873000
282,BINANCE:BTCUSDT,20260331,22420,BINANCE,66302.43,8e-05,5.3041944,False,2026-03-31 02:24:20.873000
283,BINANCE:BTCUSDT,20260331,22420,BINANCE,66302.43,8e-05,5.3041944,False,2026-03-31 02:24:20.873000
284,BINANCE:BTCUSDT,20260331,22420,BINANCE,66302.43,8e-05,5.3041944,False,2026-03-31 02:24:20.873000
285,BINANCE:BTCUSDT,20260331,22420,BINANCE,66302.43,8e-05,5.3041944,False,2026-03-31 02:24:20.873000
286,BINANCE:BTCUSDT,20260331,22420,BINANCE,66302.43,8e-05,5.3041944,False,2026-03-31 02:24:20.873000
287,BINANCE:BTCUSDT,20260331,22420,BINANCE,66302.43,8e-05,5.3041944,False,2026-03-31 02:24:20.873000
288,BINANCE:BTCUSDT,20260331,22420,BINANCE,66302.43,8e-05,5.3041944,False,2026-03-31 02:24:20.873000
289,BINANCE:BTCUSDT,20260331,22420,BINANCE,66302.42,8e-05,5.3041936000000005,False,2026-03-31 02:24:20.873000
290,BINANCE:BTCUSDT,20260331,22420,BINANCE,66302.42,8e-05,5.3041936000000005,False,2026-03-31 02:24:20.873000
291,BINANCE:BTCUSDT,20260331,22420,BINANCE,66302.42,8e-05,5.3041936000000005,False,2026-03-31 02:24:20.873000
292,BINANCE:BTCUSDT,20260331,22420,BINANCE,66302.42,8e-05,5.3041936000000005,False,2026-03-31 02:24:20.873000
293,BINANCE:BTCUSDT,20260331,22420,BINANCE,66302.42,8e-05,5.3041936000000005,False,2026-03-31 02:24:20.873000
294,BINANCE:BTCUSDT,20260331,22420,BINANCE,66302.42,8e-05,5.3041936000000005,False,2026-03-31 02:24:20.873000
295,BINANCE:BTCUSDT,20260331,22420,BINANCE,66302.42,8e-05,5.3041936000000005,False,2026-03-31 02:24:20.873000
296,BINANCE:BTCUSDT,20260331,22420,BINANCE,66302.42,8e-05,5.3041936000000005,False,2026-03-31 02:24:20.873000
297,BINANCE:BTCUSDT,20260331,22420,BINANCE,66302.42,8e-05,5.3041936000000005,False,2026-03-31 02:24:20.873000
298,BINANCE:BTCUSDT,20260331,22420,BINANCE,66302.0,0.0004,26.5208,False,2026-03-31 02:24:20.873000
299,BINANCE:BTCUSDT,20260331,22420,BINANCE,66302.0,0.0004,26.5208,False,2026-03-31 02:24:20.873000
300,BINANCE:BTCUSDT,20260331,22420,BINANCE,66302.0,0.0004,26.5208,False,2026-03-31 02:24:20.873000
301,BINANCE:BTCUSDT,20260331,22420,BINANCE,66301.72,8e-05,5.304137600000001,False,2026-03-31 02:24:20.873000
302,BINANCE:ETHUSDT,20260331,22420,BINANCE,2015.61,0.0025,5.039025,False,2026-03-31 02:24:20.874000
303,BINANCE:ETHUSDT,20260331,22420,BINANCE,2015.61,0.0026,5.2405859999999995,False,2026-03-31 02:24:20.874000
304,BINANCE:ETHUSDT,20260331,22420,BINANCE,2015.61,0.0001,0.201561,False,2026-03-31 02:24:20.874000
305,BINANCE:BTCUSDT,20260331,22420,BINANCE,66301.72,8e-05,5.304137600000001,False,2026-03-31 02:24:20.978000
306,BINANCE:BTCUSDT,20260331,22420,BINANCE,66301.71,8e-05,5.304136800000001,False,2026-03-31 02:24:20.999000
307,BINANCE:BTCUSDT,20260331,22420,BINANCE,66301.71,8e-05,5.304136800000001,False,2026-03-31 02:24:20.999000
308,BINANCE:BTCUSDT,20260331,22420,BINANCE,66301.71,0.02638,1749.0391098000002,False,2026-03-31 02:24:20.999000
309,BINANCE:BTCUSDT,20260331,22420,BINANCE,66301.71,8e-05,5.304136800000001,False,2026-03-31 02:24:20.999000
310,BINANCE:BTCUSDT,20260331,22420,BINANCE,66301.71,8e-05,5.304136800000001,False,2026-03-31 02:24:20.999000
311,BINANCE:BTCUSDT,20260331,22420,BINANCE,66301.71,8e-05,5.304136800000001,False,2026-03-31 02:24:20.999000
312,BINANCE:BTCUSDT,20260331,22420,BINANCE,66301.71,8e-05,5.304136800000001,False,2026-03-31 02:24:20.999000
313,BINANCE:BTCUSDT,20260331,22420,BINANCE,66301.71,8e-05,5.304136800000001,False,2026-03-31 02:24:20.999000
314,BINANCE:BTCUSDT,20260331,22420,BINANCE,66301.71,8e-05,5.304136800000001,False,2026-03-31 02:24:20.999000
315,BINANCE:BTCUSDT,20260331,22420,BINANCE,66301.71,8e-05,5.304136800000001,False,2026-03-31 02:24:20.999000
316,BINANCE:BTCUSDT,20260331,22420,BINANCE,66301.71,8e-05,5.304136800000001,False,2026-03-31 02:24:20.999000
317,BINANCE:BTCUSDT,20260331,22420,BINANCE,66301.71,8e-05,5.304136800000001,False,2026-03-31 02:24:20.999000
318,BINANCE:BTCUSDT,20260331,22420,BINANCE,66301.71,0.00016,10.608273600000002,False,2026-03-31 02:24:20.999000
319,BINANCE:BTCUSDT,20260331,22420,BINANCE,66301.71,8e-05,5.304136800000001,False,2026-03-31 02:24:20.999000
320,BINANCE:BTCUSDT,20260331,22420,BINANCE,66301.71,8e-05,5.304136800000001,False,2026-03-31 02:24:20.999000
321,BINANCE:BTCUSDT,20260331,22420,BINANCE,66301.71,8e-05,5.304136800000001,False,2026-03-31 02:24:20.999000
322,BINANCE:BTCUSDT,20260331,22420,BINANCE,66301.71,8e-05,5.304136800000001,False,2026-03-31 02:24:20.999000
323,BINANCE:BTCUSDT,20260331,22420,BINANCE,66301.71,8e-05,5.304136800000001,False,2026-03-31 02:24:20.999000
324,BINANCE:BTCUSDT,20260331,22420,BINANCE,66301.71,8e-05,5.304136800000001,False,2026-03-31 02:24:20.999000
325,BINANCE:BTCUSDT,20260331,22420,BINANCE,66301.71,8e-05,5.304136800000001,False,2026-03-31 02:24:20.999000
326,BINANCE:BTCUSDT,20260331,22420,BINANCE,66301.71,8e-05,5.304136800000001,False,2026-03-31 02:24:20.999000
327,BINANCE:BTCUSDT,20260331,22420,BINANCE,66301.71,8e-05,5.304136800000001,False,2026-03-31 02:24:20.999000
328,BINANCE:BTCUSDT,20260331,22420,BINANCE,66301.71,8e-05,5.304136800000001,False,2026-03-31 02:24:20.999000
329,BINANCE:BTCUSDT,20260331,22420,BINANCE,66301.71,8e-05,5.304136800000001,False,2026-03-31 02:24:20.999000
330,BINANCE:BTCUSDT,20260331,22420,BINANCE,66301.71,8e-05,5.304136800000001,False,2026-03-31 02:24:20.999000
331,BINANCE:BTCUSDT,20260331,22420,BINANCE,66301.71,8e-05,5.304136800000001,False,2026-03-31 02:24:20.999000
332,BINANCE:BTCUSDT,20260331,22420,BINANCE,66301.71,8e-05,5.304136800000001,False,2026-03-31 02:24:20.999000
333,BINANCE:BTCUSDT,20260331,22420,BINANCE,66301.71,8e-05,5.304136800000001,False,2026-03-31 02:24:20.999000
334,BINANCE:BTCUSDT,20260331,22420,BINANCE,66301.71,8e-05,5.304136800000001,False,2026-03-31 02:24:20.999000
335,BINANCE:BTCUSDT,20260331,22420,BINANCE,66301.71,8e-05,5.304136800000001,False,2026-03-31 02:24:20.999000
336,BINANCE:BTCUSDT,20260331,22420,BINANCE,66301.71,8e-05,5.304136800000001,False,2026-03-31 02:24:20.999000
337,BINANCE:BTCUSDT,20260331,22420,BINANCE,66301.71,8e-05,5.304136800000001,False,2026-03-31 02:24:20.999000
338,BINANCE:BTCUSDT,20260331,22420,BINANCE,66301.71,8e-05,5.304136800000001,False,2026-03-31 02:24:20.999000
339,BINANCE:BTCUSDT,20260331,22420,BINANCE,66301.71,8e-05,5.304136800000001,False,2026-03-31 02:24:20.999000
340,BINANCE:BTCUSDT,20260331,22420,BINANCE,66301.71,8e-05,5.304136800000001,False,2026-03-31 02:24:20.999000
341,BINANCE:BTCUSDT,20260331,22420,BINANCE,66301.7,8e-05,5.304136000000001,False,2026-03-31 02:24:20.999000
342,BINANCE:BTCUSDT,20260331,22420,BINANCE,66301.7,8e-05,5.304136000000001,False,2026-03-31 02:24:20.999000
343,BINANCE:BTCUSDT,20260331,22420,BINANCE,66301.7,8e-05,5.304136000000001,False,2026-03-31 02:24:20.999000
344,BINANCE:BTCUSDT,20260331,22420,BINANCE,66301.7,8e-05,5.304136000000001,False,2026-03-31 02:24:20.999000
345,BINANCE:BTCUSDT,20260331,22420,BINANCE,66301.7,8e-05,5.304136000000001,False,2026-03-31 02:24:20.999000
346,BINANCE:BTCUSDT,20260331,22420,BINANCE,66301.7,8e-05,5.304136000000001,False,2026-03-31 02:24:20.999000
347,BINANCE:BTCUSDT,20260331,22420,BINANCE,66301.7,8e-05,5.304136000000001,False,2026-03-31 02:24:20.999000
348,BINANCE:BTCUSDT,20260331,22420,BINANCE,66301.7,8e-05,5.304136000000001,False,2026-03-31 02:24:20.999000
349,BINANCE:BTCUSDT,20260331,22420,BINANCE,66301.7,8e-05,5.304136000000001,False,2026-03-31 02:24:20.999000
350,BINANCE:BTCUSDT,20260331,22420,BINANCE,66301.35,8e-05,5.304108000000001,False,2026-03-31 02:24:20.999000
351,BINANCE:BTCUSDT,20260331,22420,BINANCE,66301.34,8e-05,5.3041072,False,2026-03-31 02:24:20.999000
352,BINANCE:BTCUSDT,20260331,22420,BINANCE,66301.3,8e-05,5.304104000000001,False,2026-03-31 02:24:20.999000
353,BINANCE:BTCUSDT,20260331,22420,BINANCE,66301.3,8e-05,5.304104000000001,False,2026-03-31 02:24:20.999000
354,BINANCE:BTCUSDT,20260331,22420,BINANCE,66301.3,8e-05,5.304104000000001,False,2026-03-31 02:24:20.999000
355,BINANCE:BTCUSDT,20260331,22420,BINANCE,66301.3,8e-05,5.304104000000001,False,2026-03-31 02:24:20.999000
356,BINANCE:BTCUSDT,20260331,22420,BINANCE,66301.29,0.02264,1501.0612056,False,2026-03-31 02:24:20.999000
357,BINANCE:BTCUSDT,20260331,22420,BINANCE,66301.29,8e-05,5.3041032,False,2026-03-31 02:24:20.999000
358,BINANCE:BTCUSDT,20260331,22420,BINANCE,66301.29,8e-05,5.3041032,False,2026-03-31 02:24:20.999000
359,BINANCE:BTCUSDT,20260331,22420,BINANCE,66300.72,0.00199,131.93843280000002,False,2026-03-31 02:24:20.999000
360,BINANCE:BTCUSDT,20260331,22420,BINANCE,66300.7,8e-05,5.304056,False,2026-03-31 02:24:20.999000
361,BINANCE:BTCUSDT,20260331,22420,BINANCE,66300.61,8e-05,5.3040488,False,2026-03-31 02:24:20.999000
362,BINANCE:BTCUSDT,20260331,22420,BINANCE,66300.61,8e-05,5.3040488,False,2026-03-31 02:24:20.999000
363,BINANCE:BTCUSDT,20260331,22420,BINANCE,66300.35,9e-05,5.967031500000001,False,2026-03-31 02:24:20.999000
364,BINANCE:BTCUSDT,20260331,22420,BINANCE,66300.3,8e-05,5.304024000000001,False,2026-03-31 02:24:20.999000
365,BINANCE:BTCUSDT,20260331,22420,BINANCE,66300.01,8e-05,5.3040008,False,2026-03-31 02:24:20.999000
366,BINANCE:BTCUSDT,20260331,22420,BINANCE,66300.01,8e-05,5.3040008,False,2026-03-31 02:24:20.999000
367,BINANCE:BTCUSDT,20260331,22420,BINANCE,66300.01,8e-05,5.3040008,False,2026-03-31 02:24:20.999000
368,BINANCE:BTCUSDT,20260331,22420,BINANCE,66300.01,8e-05,5.3040008,False,2026-03-31 02:24:20.999000
369,BINANCE:BTCUSDT,20260331,22420,BINANCE,66300.01,8e-05,5.3040008,False,2026-03-31 02:24:20.999000
370,BINANCE:BTCUSDT,20260331,22420,BINANCE,66300.01,8e-05,5.3040008,False,2026-03-31 02:24:20.999000
371,BINANCE:BTCUSDT,20260331,22420,BINANCE,66300.01,8e-05,5.3040008,False,2026-03-31 02:24:20.999000
372,BINANCE:BTCUSDT,20260331,22420,BINANCE,66300.01,8e-05,5.3040008,False,2026-03-31 02:24:20.999000
373,BINANCE:BTCUSDT,20260331,22420,BINANCE,66300.01,8e-05,5.3040008,False,2026-03-31 02:24:20.999000
374,BINANCE:BTCUSDT,20260331,22421,BINANCE,66300.01,0.00032,21.2160032,False,2026-03-31 02:24:21.389000
375,BINANCE:ETHUSDT,20260331,22421,BINANCE,2015.62,0.0025,5.03905,False,2026-03-31 02:24:21.537000
376,BINANCE:BNBUSDT,20260331,22421,BINANCE,608.69,0.618,376.17042000000004,False,2026-03-31 02:24:21.546000
377,BINANCE:BTCUSDT,20260331,22421,BINANCE,66300.01,8e-05,5.3040008,False,2026-03-31 02:24:21.596000
378,BINANCE:ETHUSDT,20260331,22421,BINANCE,2015.62,0.005,10.0781,False,2026-03-31 02:24:21.615000
379,BINANCE:BTCUSDT,20260331,22421,BINANCE,66300.01,0.00016,10.6080016,False,2026-03-31 02:24:21.669000
380,BINANCE:BTCUSDT,20260331,22421,BINANCE,66300.01,0.00032,21.2160032,False,2026-03-31 02:24:21.676000
381,BINANCE:ETHUSDT,20260331,22421,BINANCE,2015.61,0.0049,9.876489,False,2026-03-31 02:24:21.800000
382,BINANCE:ETHUSDT,20260331,22421,BINANCE,2015.61,0.0026,5.2405859999999995,False,2026-03-31 02:24:21.800000
383,BINANCE:ETHUSDT,20260331,22421,BINANCE,2015.61,0.005,10.07805,False,2026-03-31 02:24:21.800000
384,BINANCE:ETHUSDT,20260331,22421,BINANCE,2015.61,0.005,10.07805,False,2026-03-31 02:24:21.800000
385,BINANCE:ETHUSDT,20260331,22421,BINANCE,2015.61,0.0052,10.481171999999999,False,2026-03-31 02:24:21.800000
386,BINANCE:ETHUSDT,20260331,22421,BINANCE,2015.61,0.8306,1674.1656659999999,False,2026-03-31 02:24:21.800000
387,BINANCE:ETHUSDT,20260331,22421,BINANCE,2015.61,0.0105,21.163905,False,2026-03-31 02:24:21.800000
388,BINANCE:ETHUSDT,20260331,22421,BINANCE,2015.61,0.0025,5.039025,False,2026-03-31 02:24:21.800000
389,BINANCE:ETHUSDT,20260331,22421,BINANCE,2015.61,0.0026,5.2405859999999995,False,2026-03-31 02:24:21.800000
390,BINANCE:ETHUSDT,20260331,22421,BINANCE,2015.61,0.0033,6.651513,False,2026-03-31 02:24:21.800000
391,BINANCE:ETHUSDT,20260331,22421,BINANCE,2015.61,0.0026,5.2405859999999995,False,2026-03-31 02:24:21.800000
392,BINANCE:ETHUSDT,20260331,22421,BINANCE,2015.61,0.0026,5.2405859999999995,False,2026-03-31 02:24:21.800000
393,BINANCE:ETHUSDT,20260331,22421,BINANCE,2015.61,0.0026,5.2405859999999995,False,2026-03-31 02:24:21.800000
394,BINANCE:ETHUSDT,20260331,22421,BINANCE,2015.61,0.0026,5.2405859999999995,False,2026-03-31 02:24:21.800000
395,BINANCE:ETHUSDT,20260331,22421,BINANCE,2015.61,0.0026,5.2405859999999995,False,2026-03-31 02:24:21.800000
396,BINANCE:ETHUSDT,20260331,22421,BINANCE,2015.61,0.847,1707.22167,False,2026-03-31 02:24:21.800000
397,BINANCE:ETHUSDT,20260331,22421,BINANCE,2015.61,0.2788,561.9520679999999,False,2026-03-31 02:24:21.800000
398,BINANCE:BNBUSDT,20260331,22421,BINANCE,608.69,1.0,608.69,False,2026-03-31 02:24:21.948000
399,BINANCE:BNBUSDT,20260331,22421,BINANCE,608.69,2.0,1217.38,False,2026-03-31 02:24:21.948000
400,BINANCE:BTCUSDT,20260331,22421,BINANCE,66300.01,0.00151,100.1130151,False,2026-03-31 02:24:21.986000
401,BINANCE:BTCUSDT,20260331,22421,BINANCE,66300.01,0.12726,8437.3392726,False,2026-03-31 02:24:21.988000
402,BINANCE:BNBUSDT,20260331,22422,BINANCE,608.7,0.089,54.1743,False,2026-03-31 02:24:22.084000
403,BINANCE:ETHUSDT,20260331,22422,BINANCE,2015.61,0.0026,5.2405859999999995,False,2026-03-31 02:24:22.301000
404,BINANCE:ETHUSDT,20260331,22422,BINANCE,2015.61,0.0026,5.2405859999999995,False,2026-03-31 02:24:22.301000
405,BINANCE:ETHUSDT,20260331,22422,BINANCE,2015.61,0.0026,5.2405859999999995,False,2026-03-31 02:24:22.301000
406,BINANCE:ETHUSDT,20260331,22422,BINANCE,2015.61,0.0025,5.039025,False,2026-03-31 02:24:22.301000
407,BINANCE:ETHUSDT,20260331,22422,BINANCE,2015.61,0.0026,5.2405859999999995,False,2026-03-31 02:24:22.301000
408,BINANCE:ETHUSDT,20260331,22422,BINANCE,2015.61,0.0026,5.2405859999999995,False,2026-03-31 02:24:22.301000
409,BINANCE:ETHUSDT,20260331,22422,BINANCE,2015.61,0.005,10.07805,False,2026-03-31 02:24:22.301000
410,BINANCE:ETHUSDT,20260331,22422,BINANCE,2015.61,0.0026,5.2405859999999995,False,2026-03-31 02:24:22.301000
411,BINANCE:ETHUSDT,20260331,22422,BINANCE,2015.61,0.0026,5.2405859999999995,False,2026-03-31 02:24:22.301000
412,BINANCE:ETHUSDT,20260331,22422,BINANCE,2015.61,0.0105,21.163905,False,2026-03-31 02:24:22.301000
413,BINANCE:ETHUSDT,20260331,22422,BINANCE,2015.61,0.0359,72.360399,False,2026-03-31 02:24:22.301000
414,BINANCE:BNBUSDT,20260331,22422,BINANCE,608.7,0.669,407.22030000000007,False,2026-03-31 02:24:22.311000
415,BINANCE:BNBUSDT,20260331,22422,BINANCE,608.7,0.016,9.7392,False,2026-03-31 02:24:22.429000
416,BINANCE:BNBUSDT,20260331,22422,BINANCE,608.69,0.01,6.086900000000001,False,2026-03-31 02:24:22.465000
417,BINANCE:BNBUSDT,20260331,22422,BINANCE,608.69,0.591,359.73579,False,2026-03-31 02:24:22.519000
418,BINANCE:BNBUSDT,20260331,22422,BINANCE,608.69,0.181,110.17289000000001,False,2026-03-31 02:24:22.521000
419,BINANCE:BNBUSDT,20260331,22422,BINANCE,608.69,0.034,20.695460000000004,False,2026-03-31 02:24:22.521000
420,BINANCE:BNBUSDT,20260331,22422,BINANCE,608.69,0.017,10.347730000000002,False,2026-03-31 02:24:22.521000
421,BINANCE:BNBUSDT,20260331,22422,BINANCE,608.69,0.009,5.47821,False,2026-03-31 02:24:22.521000
422,BINANCE:BNBUSDT,20260331,22422,BINANCE,608.69,0.009,5.47821,False,2026-03-31 02:24:22.521000
423,BINANCE:BNBUSDT,20260331,22422,BINANCE,608.69,0.009,5.47821,False,2026-03-31 02:24:22.521000
424,BINANCE:BNBUSDT,20260331,22422,BINANCE,608.69,0.009,5.47821,False,2026-03-31 02:24:22.521000
425,BINANCE:BNBUSDT,20260331,22422,BINANCE,608.69,0.009,5.47821,False,2026-03-31 02:24:22.521000
426,BINANCE:BNBUSDT,20260331,22422,BINANCE,608.69,0.009,5.47821,False,2026-03-31 02:24:22.521000
427,BINANCE:BNBUSDT,20260331,22422,BINANCE,608.69,0.009,5.47821,False,2026-03-31 02:24:22.521000
428,BINANCE:BNBUSDT,20260331,22422,BINANCE,608.69,0.009,5.47821,False,2026-03-31 02:24:22.521000
429,BINANCE:BNBUSDT,20260331,22422,BINANCE,608.69,0.009,5.47821,False,2026-03-31 02:24:22.521000
430,BINANCE:BNBUSDT,20260331,22422,BINANCE,608.69,0.009,5.47821,False,2026-03-31 02:24:22.521000
431,BINANCE:BNBUSDT,20260331,22422,BINANCE,608.69,0.009,5.47821,False,2026-03-31 02:24:22.521000
432,BINANCE:BTCUSDT,20260331,22422,BINANCE,66300.01,0.00019,12.5970019,False,2026-03-31 02:24:22.687000
433,BINANCE:BTCUSDT,20260331,22422,BINANCE,66300.01,0.00066,43.758006599999995,False,2026-03-31 02:24:22.919000
434,BINANCE:BTCUSDT,20260331,22422,BINANCE,66300.01,8e-05,5.3040008,False,2026-03-31 02:24:22.948000
435,BINANCE:BTCUSDT,20260331,22422,BINANCE,66300.01,0.00016,10.6080016,False,2026-03-31 02:24:22.948000
436,BINANCE:BTCUSDT,20260331,22422,BINANCE,66300.01,8e-05,5.3040008,False,2026-03-31 02:24:22.948000
437,BINANCE:BTCUSDT,20260331,22422,BINANCE,66300.01,8e-05,5.3040008,False,2026-03-31 02:24:22.948000
438,BINANCE:BTCUSDT,20260331,22422,BINANCE,66300.01,0.00016,10.6080016,False,2026-03-31 02:24:22.948000
439,BINANCE:BTCUSDT,20260331,22422,BINANCE,66300.01,0.00016,10.6080016,False,2026-03-31 02:24:22.948000
440,BINANCE:BTCUSDT,20260331,22422,BINANCE,66300.01,8e-05,5.3040008,False,2026-03-31 02:24:22.948000
441,BINANCE:BTCUSDT,20260331,22422,BINANCE,66300.01,8e-05,5.3040008,False,2026-03-31 02:24:22.948000
442,BINANCE:BTCUSDT,20260331,22422,BINANCE,66300.01,8e-05,5.3040008,False,2026-03-31 02:24:22.948000
443,BINANCE:BTCUSDT,20260331,22422,BINANCE,66300.01,8e-05,5.3040008,False,2026-03-31 02:24:22.948000
444,BINANCE:BTCUSDT,20260331,22422,BINANCE,66300.01,0.00047,31.161004699999996,False,2026-03-31 02:24:22.948000
445,BINANCE:BTCUSDT,20260331,22422,BINANCE,66300.01,0.00048,31.824004799999997,False,2026-03-31 02:24:22.948000
446,BINANCE:BTCUSDT,20260331,22422,BINANCE,66300.01,0.00068,45.0840068,False,2026-03-31 02:24:22.948000
447,BINANCE:BTCUSDT,20260331,22422,BINANCE,66300.01,0.00048,31.824004799999997,False,2026-03-31 02:24:22.948000
448,BINANCE:BTCUSDT,20260331,22422,BINANCE,66300.01,8e-05,5.3040008,False,2026-03-31 02:24:22.948000
449,BINANCE:BTCUSDT,20260331,22422,BINANCE,66300.01,8e-05,5.3040008,False,2026-03-31 02:24:22.948000
450,BINANCE:BTCUSDT,20260331,22422,BINANCE,66300.01,0.00346,229.3980346,False,2026-03-31 02:24:22.948000
451,BINANCE:BTCUSDT,20260331,22422,BINANCE,66300.01,8e-05,5.3040008,False,2026-03-31 02:24:22.948000
452,BINANCE:BTCUSDT,20260331,22422,BINANCE,66300.01,0.00024,15.912002399999999,False,2026-03-31 02:24:22.948000
453,BINANCE:BTCUSDT,20260331,22422,BINANCE,66300.01,8e-05,5.3040008,False,2026-03-31 02:24:22.948000
454,BINANCE:BTCUSDT,20260331,22422,BINANCE,66300.01,8e-05,5.3040008,False,2026-03-31 02:24:22.948000
455,BINANCE:BTCUSDT,20260331,22422,BINANCE,66300.01,8e-05,5.3040008,False,2026-03-31 02:24:22.948000
456,BINANCE:BTCUSDT,20260331,22422,BINANCE,66300.01,8e-05,5.3040008,False,2026-03-31 02:24:22.948000
457,BINANCE:BTCUSDT,20260331,22422,BINANCE,66300.01,8e-05,5.3040008,False,2026-03-31 02:24:22.948000
458,BINANCE:BTCUSDT,20260331,22422,BINANCE,66300.01,8e-05,5.3040008,False,2026-03-31 02:24:22.948000
459,BINANCE:BTCUSDT,20260331,22422,BINANCE,66300.01,8e-05,5.3040008,False,2026-03-31 02:24:22.948000
460,BINANCE:BTCUSDT,20260331,22422,BINANCE,66300.01,8e-05,5.3040008,False,2026-03-31 02:24:22.948000
461,BINANCE:BTCUSDT,20260331,22422,BINANCE,66300.01,8e-05,5.3040008,False,2026-03-31 02:24:22.948000
462,BINANCE:BTCUSDT,20260331,22422,BINANCE,66300.01,0.07013,4649.619701299999,False,2026-03-31 02:24:22.948000
463,BINANCE:BTCUSDT,20260331,22422,BINANCE,66300.01,8e-05,5.3040008,False,2026-03-31 02:24:22.948000
464,BINANCE:BTCUSDT,20260331,22422,BINANCE,66300.01,8e-05,5.3040008,False,2026-03-31 02:24:22.948000
465,BINANCE:BTCUSDT,20260331,22422,BINANCE,66300.01,8e-05,5.3040008,False,2026-03-31 02:24:22.948000
466,BINANCE:BTCUSDT,20260331,22422,BINANCE,66300.01,8e-05,5.3040008,False,2026-03-31 02:24:22.948000
467,BINANCE:BTCUSDT,20260331,22422,BINANCE,66300.01,8e-05,5.3040008,False,2026-03-31 02:24:22.948000
468,BINANCE:BTCUSDT,20260331,22422,BINANCE,66300.01,8e-05,5.3040008,False,2026-03-31 02:24:22.948000
469,BINANCE:BTCUSDT,20260331,22422,BINANCE,66300.01,8e-05,5.3040008,False,2026-03-31 02:24:22.948000
470,BINANCE:BTCUSDT,20260331,22422,BINANCE,66300.01,8e-05,5.3040008,False,2026-03-31 02:24:22.948000
471,BINANCE:BTCUSDT,20260331,22422,BINANCE,66300.01,8e-05,5.3040008,False,2026-03-31 02:24:22.948000
472,BINANCE:BTCUSDT,20260331,22422,BINANCE,66300.01,8e-05,5.3040008,False,2026-03-31 02:24:22.948000
473,BINANCE:BTCUSDT,20260331,22422,BINANCE,66300.01,8e-05,5.3040008,False,2026-03-31 02:24:22.948000
474,BINANCE:BTCUSDT,20260331,22422,BINANCE,66300.01,8e-05,5.3040008,False,2026-03-31 02:24:22.948000
475,BINANCE:BTCUSDT,20260331,22422,BINANCE,66300.01,8e-05,5.3040008,False,2026-03-31 02:24:22.948000
476,BINANCE:BTCUSDT,20260331,22422,BINANCE,66300.01,8e-05,5.3040008,False,2026-03-31 02:24:22.948000
477,BINANCE:BTCUSDT,20260331,22422,BINANCE,66300.01,8e-05,5.3040008,False,2026-03-31 02:24:22.948000
478,BINANCE:BTCUSDT,20260331,22422,BINANCE,66300.01,8e-05,5.3040008,False,2026-03-31 02:24:22.948000
479,BINANCE:BTCUSDT,20260331,22422,BINANCE,66300.01,8e-05,5.3040008,False,2026-03-31 02:24:22.948000
480,BINANCE:BTCUSDT,20260331,22422,BINANCE,66300.01,8e-05,5.3040008,False,2026-03-31 02:24:22.948000
481,BINANCE:BTCUSDT,20260331,22422,BINANCE,66300.01,8e-05,5.3040008,False,2026-03-31 02:24:22.948000
482,BINANCE:BTCUSDT,20260331,22422,BINANCE,66300.01,8e-05,5.3040008,False,2026-03-31 02:24:22.948000
483,BINANCE:BTCUSDT,20260331,22422,BINANCE,66300.01,8e-05,5.3040008,False,2026-03-31 02:24:22.948000
484,BINANCE:BTCUSDT,20260331,22422,BINANCE,66300.01,8e-05,5.3040008,False,2026-03-31 02:24:22.948000
485,BINANCE:BTCUSDT,20260331,22422,BINANCE,66300.02,8e-05,5.3040016,False,2026-03-31 02:24:22.948000
486,BINANCE:BTCUSDT,20260331,22422,BINANCE,66300.02,8e-05,5.3040016,False,2026-03-31 02:24:22.948000
487,BINANCE:BTCUSDT,20260331,22422,BINANCE,66300.02,8e-05,5.3040016,False,2026-03-31 02:24:22.948000
488,BINANCE:BTCUSDT,20260331,22422,BINANCE,66300.02,8e-05,5.3040016,False,2026-03-31 02:24:22.948000
489,BINANCE:BTCUSDT,20260331,22422,BINANCE,66300.02,8e-05,5.3040016,False,2026-03-31 02:24:22.948000
490,BINANCE:BTCUSDT,20260331,22422,BINANCE,66300.02,8e-05,5.3040016,False,2026-03-31 02:24:22.948000
491,BINANCE:BTCUSDT,20260331,22422,BINANCE,66300.3,8e-05,5.304024000000001,False,2026-03-31 02:24:22.948000
492,BINANCE:BTCUSDT,20260331,22422,BINANCE,66300.36,8e-05,5.3040288,False,2026-03-31 02:24:22.948000
493,BINANCE:BTCUSDT,20260331,22422,BINANCE,66300.36,8e-05,5.3040288,False,2026-03-31 02:24:22.948000
494,BINANCE:BTCUSDT,20260331,22422,BINANCE,66300.36,8e-05,5.3040288,False,2026-03-31 02:24:22.948000
495,BINANCE:BTCUSDT,20260331,22422,BINANCE,66300.36,8e-05,5.3040288,False,2026-03-31 02:24:22.948000
496,BINANCE:BTCUSDT,20260331,22422,BINANCE,66300.37,0.01131,749.8571847,False,2026-03-31 02:24:22.948000
497,BINANCE:BTCUSDT,20260331,22422,BINANCE,66300.37,8e-05,5.3040296,False,2026-03-31 02:24:22.948000
498,BINANCE:BTCUSDT,20260331,22422,BINANCE,66300.37,8e-05,5.3040296,False,2026-03-31 02:24:22.948000
499,BINANCE:BTCUSDT,20260331,22422,BINANCE,66301.29,8e-05,5.3041032,False,2026-03-31 02:24:22.948000
500,BINANCE:BTCUSDT,20260331,22422,BINANCE,66301.3,8e-05,5.304104000000001,False,2026-03-31 02:24:22.948000
501,BINANCE:BTCUSDT,20260331,22422,BINANCE,66301.31,8e-05,5.3041048,False,2026-03-31 02:24:22.948000
502,BINANCE:BTCUSDT,20260331,22422,BINANCE,66301.31,8e-05,5.3041048,False,2026-03-31 02:24:22.948000
503,BINANCE:BTCUSDT,20260331,22422,BINANCE,66301.31,8e-05,5.3041048,False,2026-03-31 02:24:22.948000
504,BINANCE:BTCUSDT,20260331,22422,BINANCE,66301.31,8e-05,5.3041048,False,2026-03-31 02:24:22.948000
505,BINANCE:BTCUSDT,20260331,22422,BINANCE,66301.31,8e-05,5.3041048,False,2026-03-31 02:24:22.948000
506,BINANCE:BTCUSDT,20260331,22422,BINANCE,66301.71,8e-05,5.304136800000001,False,2026-03-31 02:24:22.948000
507,BINANCE:BTCUSDT,20260331,22422,BINANCE,66301.71,8e-05,5.304136800000001,False,2026-03-31 02:24:22.948000
508,BINANCE:BTCUSDT,20260331,22422,BINANCE,66301.71,8e-05,5.304136800000001,False,2026-03-31 02:24:22.948000
509,BINANCE:BTCUSDT,20260331,22422,BINANCE,66301.71,8e-05,5.304136800000001,False,2026-03-31 02:24:22.948000
510,BINANCE:BTCUSDT,20260331,22423,BINANCE,66301.72,8e-05,5.304137600000001,False,2026-03-31 02:24:23.172000
511,BINANCE:BTCUSDT,20260331,22423,BINANCE,66301.72,8e-05,5.304137600000001,False,2026-03-31 02:24:23.172000
512,BINANCE:BTCUSDT,20260331,22423,BINANCE,66301.72,8e-05,5.304137600000001,False,2026-03-31 02:24:23.172000
513,BINANCE:BTCUSDT,20260331,22423,BINANCE,66301.72,8e-05,5.304137600000001,False,2026-03-31 02:24:23.172000
514,BINANCE:BTCUSDT,20260331,22423,BINANCE,66301.72,0.00016,10.608275200000001,False,2026-03-31 02:24:23.172000
515,BINANCE:BTCUSDT,20260331,22423,BINANCE,66301.72,8e-05,5.304137600000001,False,2026-03-31 02:24:23.172000
516,BINANCE:BTCUSDT,20260331,22423,BINANCE,66301.72,8e-05,5.304137600000001,False,2026-03-31 02:24:23.172000
517,BINANCE:BTCUSDT,20260331,22423,BINANCE,66301.72,8e-05,5.304137600000001,False,2026-03-31 02:24:23.172000
518,BINANCE:BTCUSDT,20260331,22423,BINANCE,66301.72,8e-05,5.304137600000001,False,2026-03-31 02:24:23.172000
519,BINANCE:BTCUSDT,20260331,22423,BINANCE,66301.72,8e-05,5.304137600000001,False,2026-03-31 02:24:23.172000
520,BINANCE:BTCUSDT,20260331,22423,BINANCE,66301.72,8e-05,5.304137600000001,False,2026-03-31 02:24:23.172000
521,BINANCE:BTCUSDT,20260331,22423,BINANCE,66301.72,8e-05,5.304137600000001,False,2026-03-31 02:24:23.172000
522,BINANCE:BTCUSDT,20260331,22423,BINANCE,66301.72,8e-05,5.304137600000001,False,2026-03-31 02:24:23.172000
523,BINANCE:BTCUSDT,20260331,22423,BINANCE,66301.72,8e-05,5.304137600000001,False,2026-03-31 02:24:23.172000
524,BINANCE:BTCUSDT,20260331,22423,BINANCE,66301.72,8e-05,5.304137600000001,False,2026-03-31 02:24:23.172000
525,BINANCE:BTCUSDT,20260331,22423,BINANCE,66301.72,0.00296,196.2530912,False,2026-03-31 02:24:23.172000
526,BINANCE:BTCUSDT,20260331,22423,BINANCE,66301.72,0.00016,10.608275200000001,False,2026-03-31 02:24:23.172000
527,BINANCE:BTCUSDT,20260331,22423,BINANCE,66301.72,0.00304,201.55722880000002,False,2026-03-31 02:24:23.172000
528,BINANCE:BNBUSDT,20260331,22423,BINANCE,608.68,0.824,501.55231999999995,False,2026-03-31 02:24:23.206000
529,BINANCE:BNBUSDT,20260331,22423,BINANCE,608.68,0.009,5.478119999999999,False,2026-03-31 02:24:23.206000
530,BINANCE:BNBUSDT,20260331,22423,BINANCE,608.68,0.009,5.478119999999999,False,2026-03-31 02:24:23.206000
531,BINANCE:BNBUSDT,20260331,22423,BINANCE,608.68,0.009,5.478119999999999,False,2026-03-31 02:24:23.206000
532,BINANCE:BNBUSDT,20260331,22423,BINANCE,608.68,0.009,5.478119999999999,False,2026-03-31 02:24:23.206000
533,BINANCE:BNBUSDT,20260331,22423,BINANCE,608.68,0.009,5.478119999999999,False,2026-03-31 02:24:23.206000
534,BINANCE:BNBUSDT,20260331,22423,BINANCE,608.68,2.764,1682.3915199999997,False,2026-03-31 02:24:23.206000
535,BINANCE:BNBUSDT,20260331,22423,BINANCE,608.68,6.284,3824.9451199999994,False,2026-03-31 02:24:23.206000
536,BINANCE:BNBUSDT,20260331,22423,BINANCE,608.68,0.009,5.478119999999999,False,2026-03-31 02:24:23.206000
537,BINANCE:BNBUSDT,20260331,22423,BINANCE,608.67,0.009,5.4780299999999995,False,2026-03-31 02:24:23.206000
538,BINANCE:BNBUSDT,20260331,22423,BINANCE,608.67,0.009,5.4780299999999995,False,2026-03-31 02:24:23.206000
539,BINANCE:BNBUSDT,20260331,22423,BINANCE,608.66,0.009,5.477939999999999,False,2026-03-31 02:24:23.206000
540,BINANCE:BNBUSDT,20260331,22423,BINANCE,608.66,0.009,5.477939999999999,False,2026-03-31 02:24:23.206000
541,BINANCE:BNBUSDT,20260331,22423,BINANCE,608.66,0.009,5.477939999999999,False,2026-03-31 02:24:23.206000
542,BINANCE:BNBUSDT,20260331,22423,BINANCE,608.65,0.009,5.477849999999999,False,2026-03-31 02:24:23.206000
543,BINANCE:BNBUSDT,20260331,22423,BINANCE,608.65,0.009,5.477849999999999,False,2026-03-31 02:24:23.206000
544,BINANCE:BNBUSDT,20260331,22423,BINANCE,608.64,0.011,6.69504,False,2026-03-31 02:24:23.206000
545,BINANCE:BNBUSDT,20260331,22423,BINANCE,608.64,0.01,6.0864,False,2026-03-31 02:24:23.206000
546,BINANCE:BNBUSDT,20260331,22423,BINANCE,608.64,0.014,8.52096,False,2026-03-31 02:24:23.206000
547,BINANCE:BNBUSDT,20260331,22423,BINANCE,608.64,0.01,6.0864,False,2026-03-31 02:24:23.206000
548,BINANCE:BNBUSDT,20260331,22423,BINANCE,608.64,0.009,5.477759999999999,False,2026-03-31 02:24:23.206000
549,BINANCE:BNBUSDT,20260331,22423,BINANCE,608.64,0.009,5.477759999999999,False,2026-03-31 02:24:23.206000
550,BINANCE:BNBUSDT,20260331,22423,BINANCE,608.64,0.009,5.477759999999999,False,2026-03-31 02:24:23.206000
551,BINANCE:BNBUSDT,20260331,22423,BINANCE,608.64,0.009,5.477759999999999,False,2026-03-31 02:24:23.206000
552,BINANCE:BNBUSDT,20260331,22423,BINANCE,608.63,0.01,6.0863000000000005,False,2026-03-31 02:24:23.206000
553,BINANCE:BNBUSDT,20260331,22423,BINANCE,608.63,0.009,5.47767,False,2026-03-31 02:24:23.206000
554,BINANCE:BNBUSDT,20260331,22423,BINANCE,608.62,0.009,5.47758,False,2026-03-31 02:24:23.206000
555,BINANCE:BNBUSDT,20260331,22423,BINANCE,608.61,0.079,48.08019,False,2026-03-31 02:24:23.206000
556,BINANCE:BNBUSDT,20260331,22423,BINANCE,608.61,0.158,96.16038,False,2026-03-31 02:24:23.206000
557,BINANCE:BNBUSDT,20260331,22423,BINANCE,608.61,0.017,10.34637,False,2026-03-31 02:24:23.206000
558,BINANCE:BNBUSDT,20260331,22423,BINANCE,608.61,0.009,5.4774899999999995,False,2026-03-31 02:24:23.206000
559,BINANCE:BNBUSDT,20260331,22423,BINANCE,608.61,0.009,5.4774899999999995,False,2026-03-31 02:24:23.206000
560,BINANCE:BNBUSDT,20260331,22423,BINANCE,608.61,8.4,5112.3240000000005,False,2026-03-31 02:24:23.206000
561,BINANCE:BNBUSDT,20260331,22423,BINANCE,608.6,0.012,7.3032,False,2026-03-31 02:24:23.206000
562,BINANCE:BNBUSDT,20260331,22423,BINANCE,608.6,0.013,7.9117999999999995,False,2026-03-31 02:24:23.206000
563,BINANCE:BNBUSDT,20260331,22423,BINANCE,608.6,0.009,5.477399999999999,False,2026-03-31 02:24:23.206000
564,BINANCE:BNBUSDT,20260331,22423,BINANCE,608.6,11.196,6813.8856000000005,False,2026-03-31 02:24:23.206000
565,BINANCE:ETHUSDT,20260331,22423,BINANCE,2015.62,0.0474,95.540388,False,2026-03-31 02:24:23.206000
566,BINANCE:ETHUSDT,20260331,22423,BINANCE,2015.62,0.3397,684.706114,False,2026-03-31 02:24:23.288000
567,BINANCE:ETHUSDT,20260331,22423,BINANCE,2015.62,0.005,10.0781,False,2026-03-31 02:24:23.288000
568,BINANCE:ETHUSDT,20260331,22423,BINANCE,2015.62,0.0025,5.03905,False,2026-03-31 02:24:23.288000
569,BINANCE:ETHUSDT,20260331,22423,BINANCE,2015.62,0.005,10.0781,False,2026-03-31 02:24:23.288000
570,BINANCE:ETHUSDT,20260331,22423,BINANCE,2015.62,0.005,10.0781,False,2026-03-31 02:24:23.288000
571,BINANCE:ETHUSDT,20260331,22423,BINANCE,2015.62,0.2946,593.8016519999999,False,2026-03-31 02:24:23.288000
572,BINANCE:BTCUSDT,20260331,22423,BINANCE,66301.72,0.0007,46.411204,False,2026-03-31 02:24:23.557000
573,BINANCE:BTCUSDT,20260331,22423,BINANCE,66301.72,8e-05,5.304137600000001,False,2026-03-31 02:24:23.557000
574,BINANCE:BTCUSDT,20260331,22423,BINANCE,66301.72,8e-05,5.304137600000001,False,2026-03-31 02:24:23.557000
575,BINANCE:BTCUSDT,20260331,22423,BINANCE,66301.72,8e-05,5.304137600000001,False,2026-03-31 02:24:23.557000
576,BINANCE:BTCUSDT,20260331,22423,BINANCE,66301.72,8e-05,5.304137600000001,False,2026-03-31 02:24:23.557000
577,BINANCE:BTCUSDT,20260331,22423,BINANCE,66301.72,8e-05,5.304137600000001,False,2026-03-31 02:24:23.557000
578,BINANCE:BTCUSDT,20260331,22423,BINANCE,66301.72,8e-05,5.304137600000001,False,2026-03-31 02:24:23.557000
579,BINANCE:BTCUSDT,20260331,22423,BINANCE,66301.72,0.00016,10.608275200000001,False,2026-03-31 02:24:23.557000
580,BINANCE:BTCUSDT,20260331,22423,BINANCE,66301.72,8e-05,5.304137600000001,False,2026-03-31 02:24:23.557000
581,BINANCE:BTCUSDT,20260331,22423,BINANCE,66301.72,8e-05,5.304137600000001,False,2026-03-31 02:24:23.557000
582,BINANCE:BTCUSDT,20260331,22423,BINANCE,66301.72,8e-05,5.304137600000001,False,2026-03-31 02:24:23.557000
583,BINANCE:BTCUSDT,20260331,22423,BINANCE,66301.72,8e-05,5.304137600000001,False,2026-03-31 02:24:23.557000
584,BINANCE:BTCUSDT,20260331,22423,BINANCE,66301.72,8e-05,5.304137600000001,False,2026-03-31 02:24:23.557000
585,BINANCE:BTCUSDT,20260331,22423,BINANCE,66301.72,8e-05,5.304137600000001,False,2026-03-31 02:24:23.557000
586,BINANCE:BTCUSDT,20260331,22423,BINANCE,66301.72,8e-05,5.304137600000001,False,2026-03-31 02:24:23.557000
587,BINANCE:BTCUSDT,20260331,22423,BINANCE,66301.72,8e-05,5.304137600000001,False,2026-03-31 02:24:23.557000
588,BINANCE:BTCUSDT,20260331,22423,BINANCE,66301.72,8e-05,5.304137600000001,False,2026-03-31 02:24:23.557000
589,BINANCE:BTCUSDT,20260331,22423,BINANCE,66301.72,8e-05,5.304137600000001,False,2026-03-31 02:24:23.557000
590,BINANCE:BTCUSDT,20260331,22423,BINANCE,66301.72,8e-05,5.304137600000001,False,2026-03-31 02:24:23.557000
591,BINANCE:BTCUSDT,20260331,22423,BINANCE,66301.72,0.00346,229.4039512,False,2026-03-31 02:24:23.557000
592,BINANCE:BTCUSDT,20260331,22423,BINANCE,66301.72,8e-05,5.304137600000001,False,2026-03-31 02:24:23.557000
593,BINANCE:BTCUSDT,20260331,22423,BINANCE,66301.72,8e-05,5.304137600000001,False,2026-03-31 02:24:23.557000
594,BINANCE:BTCUSDT,20260331,22423,BINANCE,66301.72,8e-05,5.304137600000001,False,2026-03-31 02:24:23.557000
595,BINANCE:BTCUSDT,20260331,22423,BINANCE,66301.72,8e-05,5.304137600000001,False,2026-03-31 02:24:23.557000
596,BINANCE:BTCUSDT,20260331,22423,BINANCE,66301.72,8e-05,5.304137600000001,False,2026-03-31 02:24:23.557000
597,BINANCE:BTCUSDT,20260331,22423,BINANCE,66301.72,8e-05,5.304137600000001,False,2026-03-31 02:24:23.557000
598,BINANCE:BTCUSDT,20260331,22423,BINANCE,66301.72,8e-05,5.304137600000001,False,2026-03-31 02:24:23.557000
599,BINANCE:BTCUSDT,20260331,22423,BINANCE,66301.73,0.00661,438.2544353,False,2026-03-31 02:24:23.557000
600,BINANCE:BTCUSDT,20260331,22423,BINANCE,66301.73,8e-05,5.3041384,False,2026-03-31 02:24:23.557000
601,BINANCE:BTCUSDT,20260331,22423,BINANCE,66301.73,8e-05,5.3041384,False,2026-03-31 02:24:23.557000
602,BINANCE:BTCUSDT,20260331,22423,BINANCE,66301.73,8e-05,5.3041384,False,2026-03-31 02:24:23.557000
603,BINANCE:BTCUSDT,20260331,22423,BINANCE,66301.73,8e-05,5.3041384,False,2026-03-31 02:24:23.557000
604,BINANCE:BTCUSDT,20260331,22423,BINANCE,66301.73,8e-05,5.3041384,False,2026-03-31 02:24:23.557000
605,BINANCE:BTCUSDT,20260331,22423,BINANCE,66301.73,8e-05,5.3041384,False,2026-03-31 02:24:23.557000
606,BINANCE:BTCUSDT,20260331,22423,BINANCE,66301.73,8e-05,5.3041384,False,2026-03-31 02:24:23.557000
607,BINANCE:BTCUSDT,20260331,22423,BINANCE,66301.73,8e-05,5.3041384,False,2026-03-31 02:24:23.557000
608,BINANCE:BTCUSDT,20260331,22423,BINANCE,66301.73,8e-05,5.3041384,False,2026-03-31 02:24:23.557000
609,BINANCE:BTCUSDT,20260331,22423,BINANCE,66301.73,8e-05,5.3041384,False,2026-03-31 02:24:23.557000
610,BINANCE:BTCUSDT,20260331,22423,BINANCE,66302.44,8e-05,5.3041952000000006,False,2026-03-31 02:24:23.558000
611,BINANCE:BTCUSDT,20260331,22423,BINANCE,66302.44,8e-05,5.3041952000000006,False,2026-03-31 02:24:23.558000
612,BINANCE:BTCUSDT,20260331,22423,BINANCE,66302.44,8e-05,5.3041952000000006,False,2026-03-31 02:24:23.558000
613,BINANCE:BTCUSDT,20260331,22423,BINANCE,66302.44,8e-05,5.3041952000000006,False,2026-03-31 02:24:23.558000
614,BINANCE:BTCUSDT,20260331,22423,BINANCE,66302.65,8e-05,5.304212,False,2026-03-31 02:24:23.558000
615,BINANCE:BTCUSDT,20260331,22423,BINANCE,66302.65,8e-05,5.304212,False,2026-03-31 02:24:23.558000
616,BINANCE:BTCUSDT,20260331,22423,BINANCE,66302.66,8e-05,5.304212800000001,False,2026-03-31 02:24:23.558000
617,BINANCE:BTCUSDT,20260331,22423,BINANCE,66302.89,8e-05,5.3042312,False,2026-03-31 02:24:23.558000
618,BINANCE:BTCUSDT,20260331,22423,BINANCE,66302.89,8e-05,5.3042312,False,2026-03-31 02:24:23.558000
619,BINANCE:BTCUSDT,20260331,22423,BINANCE,66302.89,8e-05,5.3042312,False,2026-03-31 02:24:23.558000
620,BINANCE:BTCUSDT,20260331,22423,BINANCE,66302.89,8e-05,5.3042312,False,2026-03-31 02:24:23.558000
621,BINANCE:BTCUSDT,20260331,22423,BINANCE,66302.9,0.01421,942.1642089999999,False,2026-03-31 02:24:23.558000
622,BINANCE:BTCUSDT,20260331,22423,BINANCE,66302.9,0.01501,995.2065289999999,False,2026-03-31 02:24:23.560000
623,BINANCE:BTCUSDT,20260331,22423,BINANCE,66302.9,8e-05,5.304232,False,2026-03-31 02:24:23.565000
624,BINANCE:ETHUSDT,20260331,22424,BINANCE,2015.62,0.0384,77.399808,False,2026-03-31 02:24:24.226000
625,BINANCE:ETHUSDT,20260331,22424,BINANCE,2015.62,0.0025,5.03905,False,2026-03-31 02:24:24.226000
626,BINANCE:ETHUSDT,20260331,22424,BINANCE,2015.62,0.0026,5.240612,False,2026-03-31 02:24:24.226000
627,BINANCE:ETHUSDT,20260331,22424,BINANCE,2015.62,0.0026,5.240612,False,2026-03-31 02:24:24.226000
628,BINANCE:ETHUSDT,20260331,22424,BINANCE,2015.62,0.0026,5.240612,False,2026-03-31 02:24:24.226000
629,BINANCE:ETHUSDT,20260331,22424,BINANCE,2015.62,0.0026,5.240612,False,2026-03-31 02:24:24.226000
630,BINANCE:ETHUSDT,20260331,22424,BINANCE,2015.62,0.0026,5.240612,False,2026-03-31 02:24:24.226000
631,BINANCE:ETHUSDT,20260331,22424,BINANCE,2015.62,0.0026,5.240612,False,2026-03-31 02:24:24.226000
632,BINANCE:ETHUSDT,20260331,22424,BINANCE,2015.62,0.0025,5.03905,False,2026-03-31 02:24:24.226000
633,BINANCE:ETHUSDT,20260331,22424,BINANCE,2015.62,0.0599,120.735638,False,2026-03-31 02:24:24.226000
634,BINANCE:BTCUSDT,20260331,22424,BINANCE,66302.9,8e-05,5.304232,False,2026-03-31 02:24:24.476000
635,BINANCE:BTCUSDT,20260331,22424,BINANCE,66302.9,8e-05,5.304232,False,2026-03-31 02:24:24.476000
636,BINANCE:BTCUSDT,20260331,22424,BINANCE,66302.9,8e-05,5.304232,False,2026-03-31 02:24:24.476000
637,BINANCE:BTCUSDT,20260331,22424,BINANCE,66302.9,8e-05,5.304232,False,2026-03-31 02:24:24.476000
638,BINANCE:BTCUSDT,20260331,22424,BINANCE,66302.9,8e-05,5.304232,False,2026-03-31 02:24:24.476000
639,BINANCE:BTCUSDT,20260331,22424,BINANCE,66302.9,8e-05,5.304232,False,2026-03-31 02:24:24.476000
640,BINANCE:BTCUSDT,20260331,22424,BINANCE,66302.9,8e-05,5.304232,False,2026-03-31 02:24:24.476000
641,BINANCE:BTCUSDT,20260331,22424,BINANCE,66302.9,0.00016,10.608464,False,2026-03-31 02:24:24.476000
642,BINANCE:BTCUSDT,20260331,22424,BINANCE,66302.9,8e-05,5.304232,False,2026-03-31 02:24:24.476000
643,BINANCE:BTCUSDT,20260331,22424,BINANCE,66302.9,8e-05,5.304232,False,2026-03-31 02:24:24.476000
644,BINANCE:BTCUSDT,20260331,22424,BINANCE,66302.9,8e-05,5.304232,False,2026-03-31 02:24:24.476000
645,BINANCE:BTCUSDT,20260331,22424,BINANCE,66302.9,8e-05,5.304232,False,2026-03-31 02:24:24.476000
646,BINANCE:BTCUSDT,20260331,22424,BINANCE,66302.9,8e-05,5.304232,False,2026-03-31 02:24:24.476000
647,BINANCE:BTCUSDT,20260331,22424,BINANCE,66302.9,0.00286,189.626294,False,2026-03-31 02:24:24.476000
648,BINANCE:BTCUSDT,20260331,22424,BINANCE,66302.9,0.00121,80.226509,False,2026-03-31 02:24:24.476000
649,BINANCE:BTCUSDT,20260331,22424,BINANCE,66302.9,0.0023,152.49667,False,2026-03-31 02:24:24.554000
650,BINANCE:BTCUSDT,20260331,22425,BINANCE,66304.82,0.00163,108.07685660000001,False,2026-03-31 02:24:25.639000
651,BINANCE:BNBUSDT,20260331,22425,BINANCE,608.61,0.009,5.4774899999999995,False,2026-03-31 02:24:25.714000
652,BINANCE:BNBUSDT,20260331,22425,BINANCE,608.61,2.033,1237.30413,False,2026-03-31 02:24:25.714000
653,BINANCE:BNBUSDT,20260331,22425,BINANCE,608.61,0.009,5.4774899999999995,False,2026-03-31 02:24:25.714000
654,BINANCE:BNBUSDT,20260331,22425,BINANCE,608.61,1.029,626.25969,False,2026-03-31 02:24:25.714000
655,BINANCE:BNBUSDT,20260331,22425,BINANCE,608.61,0.024,14.60664,False,2026-03-31 02:24:25.714000
656,BINANCE:BNBUSDT,20260331,22425,BINANCE,608.61,0.01,6.0861,False,2026-03-31 02:24:25.714000
657,BINANCE:BNBUSDT,20260331,22425,BINANCE,608.61,0.009,5.4774899999999995,False,2026-03-31 02:24:25.714000
658,BINANCE:BNBUSDT,20260331,22425,BINANCE,608.61,2.0,1217.22,False,2026-03-31 02:24:25.714000
659,BINANCE:BNBUSDT,20260331,22425,BINANCE,608.61,5.497,3345.52917,False,2026-03-31 02:24:25.714000
660,BINANCE:ETHUSDT,20260331,22425,BINANCE,2015.62,0.2924,589.3672879999999,False,2026-03-31 02:24:25.824000
661,BINANCE:ETHUSDT,20260331,22425,BINANCE,2015.62,0.005,10.0781,False,2026-03-31 02:24:25.824000
662,BINANCE:ETHUSDT,20260331,22425,BINANCE,2015.62,0.099,199.54638,False,2026-03-31 02:24:25.824000
663,BINANCE:ETHUSDT,20260331,22425,BINANCE,2015.62,0.099,199.54638,False,2026-03-31 02:24:25.824000
664,BINANCE:ETHUSDT,20260331,22425,BINANCE,2015.62,0.0144,29.024928,False,2026-03-31 02:24:25.824000
665,BINANCE:ETHUSDT,20260331,22425,BINANCE,2015.62,0.0846,170.52145199999998,False,2026-03-31 02:24:25.824000
666,BINANCE:ETHUSDT,20260331,22425,BINANCE,2015.62,0.0025,5.03905,False,2026-03-31 02:24:25.824000
667,BINANCE:ETHUSDT,20260331,22425,BINANCE,2015.62,0.0026,5.240612,False,2026-03-31 02:24:25.824000
668,BINANCE:ETHUSDT,20260331,22425,BINANCE,2015.62,0.0026,5.240612,False,2026-03-31 02:24:25.824000
669,BINANCE:ETHUSDT,20260331,22425,BINANCE,2015.62,0.0026,5.240612,False,2026-03-31 02:24:25.824000
670,BINANCE:ETHUSDT,20260331,22425,BINANCE,2015.62,0.0026,5.240612,False,2026-03-31 02:24:25.824000
671,BINANCE:ETHUSDT,20260331,22425,BINANCE,2015.62,0.0026,5.240612,False,2026-03-31 02:24:25.824000
672,BINANCE:ETHUSDT,20260331,22425,BINANCE,2015.62,0.0026,5.240612,False,2026-03-31 02:24:25.824000
673,BINANCE:ETHUSDT,20260331,22425,BINANCE,2015.62,0.0384,77.399808,False,2026-03-31 02:24:25.824000
674,BINANCE:ETHUSDT,20260331,22425,BINANCE,2015.62,0.0138,27.815555999999997,False,2026-03-31 02:24:25.824000
675,BINANCE:ETHUSDT,20260331,22425,BINANCE,2015.62,0.0025,5.03905,False,2026-03-31 02:24:25.824000
676,BINANCE:ETHUSDT,20260331,22425,BINANCE,2015.62,0.0025,5.03905,False,2026-03-31 02:24:25.824000
677,BINANCE:ETHUSDT,20260331,22425,BINANCE,2015.62,0.0025,5.03905,False,2026-03-31 02:24:25.824000
678,BINANCE:ETHUSDT,20260331,22425,BINANCE,2015.63,0.0026,5.240638,False,2026-03-31 02:24:25.824000
679,BINANCE:ETHUSDT,20260331,22425,BINANCE,2015.63,0.0933,188.058279,False,2026-03-31 02:24:25.824000
680,BINANCE:ETHUSDT,20260331,22425,BINANCE,2015.63,0.0026,5.240638,False,2026-03-31 02:24:25.824000
681,BINANCE:ETHUSDT,20260331,22425,BINANCE,2015.63,0.0026,5.240638,False,2026-03-31 02:24:25.824000
682,BINANCE:ETHUSDT,20260331,22425,BINANCE,2015.63,0.0026,5.240638,False,2026-03-31 02:24:25.824000
683,BINANCE:ETHUSDT,20260331,22425,BINANCE,2015.63,0.0026,5.240638,False,2026-03-31 02:24:25.824000
684,BINANCE:ETHUSDT,20260331,22425,BINANCE,2015.64,0.0025,5.0391,False,2026-03-31 02:24:25.824000
685,BINANCE:ETHUSDT,20260331,22425,BINANCE,2015.64,0.0158,31.847112000000006,False,2026-03-31 02:24:25.824000
686,BINANCE:ETHUSDT,20260331,22425,BINANCE,2015.64,0.0026,5.240664,False,2026-03-31 02:24:25.824000
687,BINANCE:ETHUSDT,20260331,22425,BINANCE,2015.64,0.0025,5.0391,False,2026-03-31 02:24:25.824000
688,BINANCE:ETHUSDT,20260331,22425,BINANCE,2015.64,0.0025,5.0391,False,2026-03-31 02:24:25.824000
689,BINANCE:ETHUSDT,20260331,22425,BINANCE,2015.65,0.0026,5.24069,False,2026-03-31 02:24:25.824000
690,BINANCE:ETHUSDT,20260331,22425,BINANCE,2015.65,0.0025,5.039125,False,2026-03-31 02:24:25.824000
691,BINANCE:ETHUSDT,20260331,22425,BINANCE,2015.65,0.0025,5.039125,False,2026-03-31 02:24:25.824000
692,BINANCE:ETHUSDT,20260331,22425,BINANCE,2015.66,0.0026,5.240716,False,2026-03-31 02:24:25.824000
693,BINANCE:ETHUSDT,20260331,22425,BINANCE,2015.66,0.0025,5.03915,False,2026-03-31 02:24:25.824000
694,BINANCE:ETHUSDT,20260331,22425,BINANCE,2015.66,0.0171,34.467786000000004,False,2026-03-31 02:24:25.825000
695,BINANCE:ETHUSDT,20260331,22425,BINANCE,2015.66,0.0025,5.03915,False,2026-03-31 02:24:25.825000
696,BINANCE:ETHUSDT,20260331,22425,BINANCE,2015.67,0.0026,5.240742,False,2026-03-31 02:24:25.825000
697,BINANCE:ETHUSDT,20260331,22425,BINANCE,2015.67,0.0026,5.240742,False,2026-03-31 02:24:25.825000
698,BINANCE:ETHUSDT,20260331,22425,BINANCE,2015.68,0.0025,5.0392,False,2026-03-31 02:24:25.825000
699,BINANCE:ETHUSDT,20260331,22425,BINANCE,2015.68,0.0026,5.240768,False,2026-03-31 02:24:25.825000
700,BINANCE:ETHUSDT,20260331,22425,BINANCE,2015.68,0.0025,5.0392,False,2026-03-31 02:24:25.825000
701,BINANCE:ETHUSDT,20260331,22425,BINANCE,2015.68,0.0052,10.481536,False,2026-03-31 02:24:25.825000
702,BINANCE:ETHUSDT,20260331,22425,BINANCE,2015.68,0.0026,5.240768,False,2026-03-31 02:24:25.825000
703,BINANCE:ETHUSDT,20260331,22425,BINANCE,2015.68,0.0025,5.0392,False,2026-03-31 02:24:25.825000
704,BINANCE:ETHUSDT,20260331,22425,BINANCE,2015.68,0.0025,5.0392,False,2026-03-31 02:24:25.825000
705,BINANCE:ETHUSDT,20260331,22425,BINANCE,2015.68,0.0025,5.0392,False,2026-03-31 02:24:25.825000
706,BINANCE:ETHUSDT,20260331,22425,BINANCE,2015.68,0.0025,5.0392,False,2026-03-31 02:24:25.825000
707,BINANCE:ETHUSDT,20260331,22425,BINANCE,2015.68,0.0025,5.0392,False,2026-03-31 02:24:25.825000
708,BINANCE:ETHUSDT,20260331,22425,BINANCE,2015.68,0.0025,5.0392,False,2026-03-31 02:24:25.825000
709,BINANCE:ETHUSDT,20260331,22425,BINANCE,2015.68,0.0025,5.0392,False,2026-03-31 02:24:25.825000
710,BINANCE:ETHUSDT,20260331,22425,BINANCE,2015.68,0.0025,5.0392,False,2026-03-31 02:24:25.825000
711,BINANCE:ETHUSDT,20260331,22425,BINANCE,2015.69,0.3871,780.273599,False,2026-03-31 02:24:25.825000
712,BINANCE:ETHUSDT,20260331,22425,BINANCE,2015.69,0.0025,5.039225,False,2026-03-31 02:24:25.825000
713,BINANCE:ETHUSDT,20260331,22425,BINANCE,2015.69,0.0025,5.039225,False,2026-03-31 02:24:25.825000
714,BINANCE:ETHUSDT,20260331,22425,BINANCE,2015.69,0.0026,5.240794,False,2026-03-31 02:24:25.825000
715,BINANCE:ETHUSDT,20260331,22425,BINANCE,2015.69,0.0025,5.039225,False,2026-03-31 02:24:25.825000
716,BINANCE:ETHUSDT,20260331,22425,BINANCE,2015.69,0.0025,5.039225,False,2026-03-31 02:24:25.825000
717,BINANCE:ETHUSDT,20260331,22425,BINANCE,2015.69,0.0025,5.039225,False,2026-03-31 02:24:25.825000
718,BINANCE:ETHUSDT,20260331,22425,BINANCE,2015.69,0.0025,5.039225,False,2026-03-31 02:24:25.825000
719,BINANCE:ETHUSDT,20260331,22425,BINANCE,2015.7,0.0026,5.24082,False,2026-03-31 02:24:25.825000
720,BINANCE:ETHUSDT,20260331,22425,BINANCE,2015.7,0.0026,5.24082,False,2026-03-31 02:24:25.825000
721,BINANCE:ETHUSDT,20260331,22425,BINANCE,2015.71,0.0026,5.2408459999999994,False,2026-03-31 02:24:25.825000
722,BINANCE:ETHUSDT,20260331,22425,BINANCE,2015.71,0.0026,5.2408459999999994,False,2026-03-31 02:24:25.825000
723,BINANCE:ETHUSDT,20260331,22425,BINANCE,2015.71,0.0309,62.285439000000004,False,2026-03-31 02:24:25.825000
724,BINANCE:BTCUSDT,20260331,22425,BINANCE,66304.83,8e-05,5.3043864,False,2026-03-31 02:24:25.953000
725,BINANCE:BTCUSDT,20260331,22425,BINANCE,66304.83,0.00034,22.5436422,False,2026-03-31 02:24:25.953000
726,BINANCE:BNBUSDT,20260331,22426,BINANCE,608.61,0.009,5.4774899999999995,False,2026-03-31 02:24:26.098000
727,BINANCE:BNBUSDT,20260331,22426,BINANCE,608.61,0.009,5.4774899999999995,False,2026-03-31 02:24:26.098000
728,BINANCE:BNBUSDT,20260331,22426,BINANCE,608.61,0.009,5.4774899999999995,False,2026-03-31 02:24:26.098000
729,BINANCE:BNBUSDT,20260331,22426,BINANCE,608.61,0.009,5.4774899999999995,False,2026-03-31 02:24:26.098000
730,BINANCE:BNBUSDT,20260331,22426,BINANCE,608.61,0.009,5.4774899999999995,False,2026-03-31 02:24:26.098000
731,BINANCE:BNBUSDT,20260331,22426,BINANCE,608.61,0.009,5.4774899999999995,False,2026-03-31 02:24:26.098000
732,BINANCE:BNBUSDT,20260331,22426,BINANCE,608.61,0.009,5.4774899999999995,False,2026-03-31 02:24:26.098000
733,BINANCE:BNBUSDT,20260331,22426,BINANCE,608.62,0.009,5.47758,False,2026-03-31 02:24:26.436000
734,BINANCE:BNBUSDT,20260331,22426,BINANCE,608.62,0.009,5.47758,False,2026-03-31 02:24:26.436000
735,BINANCE:BNBUSDT,20260331,22426,BINANCE,608.62,0.003,1.82586,False,2026-03-31 02:24:26.436000
736,BINANCE:BTCUSDT,20260331,22426,BINANCE,66304.83,0.00021,13.924014300000001,False,2026-03-31 02:24:26.817000
737,BINANCE:BNBUSDT,20260331,22426,BINANCE,608.62,0.064,38.95168,False,2026-03-31 02:24:26.920000
738,BINANCE:BTCUSDT,20260331,22427,BINANCE,66304.82,0.00016,10.608771200000001,False,2026-03-31 02:24:27.251000
739,BINANCE:BTCUSDT,20260331,22427,BINANCE,66304.82,8e-05,5.304385600000001,False,2026-03-31 02:24:27.251000
740,BINANCE:BTCUSDT,20260331,22427,BINANCE,66304.82,0.00012,7.956578400000001,False,2026-03-31 02:24:27.251000
741,BINANCE:ETHUSDT,20260331,22427,BINANCE,2015.71,0.0025,5.039275,False,2026-03-31 02:24:27.487000
742,BINANCE:ETHUSDT,20260331,22427,BINANCE,2015.71,0.005,10.07855,False,2026-03-31 02:24:27.487000
743,BINANCE:ETHUSDT,20260331,22427,BINANCE,2015.71,0.005,10.07855,False,2026-03-31 02:24:27.487000
744,BINANCE:ETHUSDT,20260331,22427,BINANCE,2015.71,0.0102,20.560242000000002,False,2026-03-31 02:24:27.487000
745,BINANCE:ETHUSDT,20260331,22427,BINANCE,2015.71,0.005,10.07855,False,2026-03-31 02:24:27.487000
746,BINANCE:ETHUSDT,20260331,22427,BINANCE,2015.71,0.005,10.07855,False,2026-03-31 02:24:27.487000
747,BINANCE:ETHUSDT,20260331,22427,BINANCE,2015.71,0.0026,5.2408459999999994,False,2026-03-31 02:24:27.487000
748,BINANCE:ETHUSDT,20260331,22427,BINANCE,2015.71,0.0026,5.2408459999999994,False,2026-03-31 02:24:27.487000
749,BINANCE:ETHUSDT,20260331,22427,BINANCE,2015.71,0.0026,5.2408459999999994,False,2026-03-31 02:24:27.487000
750,BINANCE:ETHUSDT,20260331,22427,BINANCE,2015.71,0.0105,21.164955000000003,False,2026-03-31 02:24:27.487000
751,BINANCE:ETHUSDT,20260331,22427,BINANCE,2015.71,0.0026,5.2408459999999994,False,2026-03-31 02:24:27.487000
752,BINANCE:ETHUSDT,20260331,22427,BINANCE,2015.71,0.0025,5.039275,False,2026-03-31 02:24:27.487000
753,BINANCE:ETHUSDT,20260331,22427,BINANCE,2015.71,0.0025,5.039275,False,2026-03-31 02:24:27.487000
754,BINANCE:ETHUSDT,20260331,22427,BINANCE,2015.71,0.0025,5.039275,False,2026-03-31 02:24:27.487000
755,BINANCE:ETHUSDT,20260331,22427,BINANCE,2015.71,0.0025,5.039275,False,2026-03-31 02:24:27.487000
756,BINANCE:ETHUSDT,20260331,22427,BINANCE,2015.7,0.0025,5.03925,False,2026-03-31 02:24:27.487000
757,BINANCE:ETHUSDT,20260331,22427,BINANCE,2015.7,0.0026,5.24082,False,2026-03-31 02:24:27.487000
758,BINANCE:ETHUSDT,20260331,22427,BINANCE,2015.7,0.0025,5.03925,False,2026-03-31 02:24:27.487000
759,BINANCE:ETHUSDT,20260331,22427,BINANCE,2015.7,0.0026,5.24082,False,2026-03-31 02:24:27.487000
760,BINANCE:ETHUSDT,20260331,22427,BINANCE,2015.7,0.0026,5.24082,False,2026-03-31 02:24:27.487000
761,BINANCE:ETHUSDT,20260331,22427,BINANCE,2015.7,0.0025,5.03925,False,2026-03-31 02:24:27.487000
762,BINANCE:ETHUSDT,20260331,22427,BINANCE,2015.7,0.0025,5.03925,False,2026-03-31 02:24:27.487000
763,BINANCE:ETHUSDT,20260331,22427,BINANCE,2015.7,0.0025,5.03925,False,2026-03-31 02:24:27.487000
764,BINANCE:ETHUSDT,20260331,22427,BINANCE,2015.7,0.0025,5.03925,False,2026-03-31 02:24:27.487000
765,BINANCE:ETHUSDT,20260331,22427,BINANCE,2015.7,0.0025,5.03925,False,2026-03-31 02:24:27.487000
766,BINANCE:ETHUSDT,20260331,22427,BINANCE,2015.64,0.0025,5.0391,False,2026-03-31 02:24:27.487000
767,BINANCE:ETHUSDT,20260331,22427,BINANCE,2015.64,0.0026,5.240664,False,2026-03-31 02:24:27.487000
768,BINANCE:ETHUSDT,20260331,22427,BINANCE,2015.63,0.0025,5.039075,False,2026-03-31 02:24:27.487000
769,BINANCE:ETHUSDT,20260331,22427,BINANCE,2015.63,0.0025,5.039075,False,2026-03-31 02:24:27.487000
770,BINANCE:ETHUSDT,20260331,22427,BINANCE,2015.62,0.0026,5.240612,False,2026-03-31 02:24:27.487000
771,BINANCE:ETHUSDT,20260331,22427,BINANCE,2015.62,0.0131,26.404622,False,2026-03-31 02:24:27.487000
772,BINANCE:ETHUSDT,20260331,22427,BINANCE,2015.61,0.0026,5.2405859999999995,False,2026-03-31 02:24:27.487000
773,BINANCE:ETHUSDT,20260331,22427,BINANCE,2015.61,0.0025,5.039025,False,2026-03-31 02:24:27.487000
774,BINANCE:ETHUSDT,20260331,22427,BINANCE,2015.61,0.0025,5.039025,False,2026-03-31 02:24:27.487000
775,BINANCE:ETHUSDT,20260331,22427,BINANCE,2015.61,0.0025,5.039025,False,2026-03-31 02:24:27.487000
776,BINANCE:ETHUSDT,20260331,22427,BINANCE,2015.61,0.0025,5.039025,False,2026-03-31 02:24:27.487000
777,BINANCE:ETHUSDT,20260331,22427,BINANCE,2015.61,0.0025,5.039025,False,2026-03-31 02:24:27.487000
778,BINANCE:ETHUSDT,20260331,22427,BINANCE,2015.6,0.0249,50.18843999999999,False,2026-03-31 02:24:27.487000
779,BINANCE:ETHUSDT,20260331,22427,BINANCE,2015.6,0.0026,5.240559999999999,False,2026-03-31 02:24:27.487000
780,BINANCE:ETHUSDT,20260331,22427,BINANCE,2015.6,0.003,6.0468,False,2026-03-31 02:24:27.487000
781,BINANCE:ETHUSDT,20260331,22427,BINANCE,2015.6,0.0025,5.039,False,2026-03-31 02:24:27.487000
782,BINANCE:ETHUSDT,20260331,22427,BINANCE,2015.6,0.0026,5.240559999999999,False,2026-03-31 02:24:27.487000
783,BINANCE:ETHUSDT,20260331,22427,BINANCE,2015.6,0.0026,5.240559999999999,False,2026-03-31 02:24:27.487000
784,BINANCE:ETHUSDT,20260331,22427,BINANCE,2015.6,0.0025,5.039,False,2026-03-31 02:24:27.487000
785,BINANCE:ETHUSDT,20260331,22427,BINANCE,2015.6,0.0025,5.039,False,2026-03-31 02:24:27.487000
786,BINANCE:ETHUSDT,20260331,22427,BINANCE,2015.6,0.0025,5.039,False,2026-03-31 02:24:27.487000
787,BINANCE:ETHUSDT,20260331,22427,BINANCE,2015.6,0.0025,5.039,False,2026-03-31 02:24:27.487000
788,BINANCE:ETHUSDT,20260331,22427,BINANCE,2015.59,0.0566,114.082394,False,2026-03-31 02:24:27.487000
789,BINANCE:ETHUSDT,20260331,22427,BINANCE,2015.59,0.0025,5.038975,False,2026-03-31 02:24:27.487000
790,BINANCE:ETHUSDT,20260331,22427,BINANCE,2015.59,0.0026,5.240533999999999,False,2026-03-31 02:24:27.487000
791,BINANCE:ETHUSDT,20260331,22427,BINANCE,2015.59,0.0025,5.038975,False,2026-03-31 02:24:27.487000
792,BINANCE:ETHUSDT,20260331,22427,BINANCE,2015.59,0.005,10.07795,False,2026-03-31 02:24:27.487000
793,BINANCE:ETHUSDT,20260331,22427,BINANCE,2015.59,0.0025,5.038975,False,2026-03-31 02:24:27.487000
794,BINANCE:ETHUSDT,20260331,22427,BINANCE,2015.59,0.0025,5.038975,False,2026-03-31 02:24:27.487000
795,BINANCE:ETHUSDT,20260331,22427,BINANCE,2015.58,0.0026,5.240507999999999,False,2026-03-31 02:24:27.487000
796,BINANCE:ETHUSDT,20260331,22427,BINANCE,2015.58,0.0026,5.240507999999999,False,2026-03-31 02:24:27.487000
797,BINANCE:ETHUSDT,20260331,22427,BINANCE,2015.57,0.4306,867.9044419999999,False,2026-03-31 02:24:27.487000
798,BINANCE:ETHUSDT,20260331,22427,BINANCE,2015.57,0.0025,5.038925,False,2026-03-31 02:24:27.487000
799,BINANCE:ETHUSDT,20260331,22427,BINANCE,2015.57,0.0026,5.240481999999999,False,2026-03-31 02:24:27.487000
800,BINANCE:ETHUSDT,20260331,22427,BINANCE,2015.57,0.0237,47.769009,False,2026-03-31 02:24:27.487000
801,BINANCE:ETHUSDT,20260331,22427,BINANCE,2015.57,0.0025,5.038925,False,2026-03-31 02:24:27.487000
802,BINANCE:ETHUSDT,20260331,22427,BINANCE,2015.57,0.0025,5.038925,False,2026-03-31 02:24:27.487000
803,BINANCE:ETHUSDT,20260331,22427,BINANCE,2015.57,0.0025,5.038925,False,2026-03-31 02:24:27.487000
804,BINANCE:ETHUSDT,20260331,22427,BINANCE,2015.57,0.0025,5.038925,False,2026-03-31 02:24:27.487000
805,BINANCE:ETHUSDT,20260331,22427,BINANCE,2015.56,0.0025,5.0389,False,2026-03-31 02:24:27.487000
806,BINANCE:ETHUSDT,20260331,22427,BINANCE,2015.56,0.0025,5.0389,False,2026-03-31 02:24:27.487000
807,BINANCE:ETHUSDT,20260331,22427,BINANCE,2015.55,0.0025,5.038875,False,2026-03-31 02:24:27.487000
808,BINANCE:ETHUSDT,20260331,22427,BINANCE,2015.55,0.0025,5.038875,False,2026-03-31 02:24:27.487000
809,BINANCE:ETHUSDT,20260331,22427,BINANCE,2015.55,0.0025,5.038875,False,2026-03-31 02:24:27.487000
810,BINANCE:ETHUSDT,20260331,22427,BINANCE,2015.55,0.2607,525.453885,False,2026-03-31 02:24:27.487000
811,BINANCE:ETHUSDT,20260331,22427,BINANCE,2015.55,0.0025,5.038875,False,2026-03-31 02:24:27.514000
812,BINANCE:ETHUSDT,20260331,22427,BINANCE,2015.55,0.0025,5.038875,False,2026-03-31 02:24:27.514000
813,BINANCE:ETHUSDT,20260331,22427,BINANCE,2015.55,0.0026,5.24043,False,2026-03-31 02:24:27.514000
814,BINANCE:ETHUSDT,20260331,22427,BINANCE,2015.55,0.003,6.04665,False,2026-03-31 02:24:27.514000
815,BINANCE:BNBUSDT,20260331,22427,BINANCE,608.62,1.783,1085.16946,False,2026-03-31 02:24:27.527000
816,BINANCE:BTCUSDT,20260331,22427,BINANCE,66304.82,0.00993,658.4068626000001,False,2026-03-31 02:24:27.683000
817,BINANCE:ETHUSDT,20260331,22427,BINANCE,2015.55,0.005,10.07775,False,2026-03-31 02:24:27.807000
818,BINANCE:ETHUSDT,20260331,22427,BINANCE,2015.55,0.0026,5.24043,False,2026-03-31 02:24:27.807000
819,BINANCE:ETHUSDT,20260331,22427,BINANCE,2015.55,0.0026,5.24043,False,2026-03-31 02:24:27.807000
820,BINANCE:ETHUSDT,20260331,22427,BINANCE,2015.55,0.0026,5.24043,False,2026-03-31 02:24:27.807000
821,BINANCE:ETHUSDT,20260331,22427,BINANCE,2015.55,0.005,10.07775,False,2026-03-31 02:24:27.807000
822,BINANCE:ETHUSDT,20260331,22427,BINANCE,2015.55,0.005,10.07775,False,2026-03-31 02:24:27.807000
823,BINANCE:ETHUSDT,20260331,22427,BINANCE,2015.55,0.0026,5.24043,False,2026-03-31 02:24:27.807000
824,BINANCE:ETHUSDT,20260331,22427,BINANCE,2015.55,0.0025,5.038875,False,2026-03-31 02:24:27.807000
825,BINANCE:ETHUSDT,20260331,22427,BINANCE,2015.55,0.0053,10.682415,False,2026-03-31 02:24:27.807000
826,BINANCE:ETHUSDT,20260331,22427,BINANCE,2015.55,0.0025,5.038875,False,2026-03-31 02:24:27.807000
827,BINANCE:ETHUSDT,20260331,22427,BINANCE,2015.55,0.0025,5.038875,False,2026-03-31 02:24:27.807000
828,BINANCE:ETHUSDT,20260331,22427,BINANCE,2015.55,0.0025,5.038875,False,2026-03-31 02:24:27.807000
829,BINANCE:ETHUSDT,20260331,22427,BINANCE,2015.55,0.0025,5.038875,False,2026-03-31 02:24:27.807000
830,BINANCE:ETHUSDT,20260331,22427,BINANCE,2015.54,0.0223,44.946542,False,2026-03-31 02:24:27.807000
831,BINANCE:ETHUSDT,20260331,22427,BINANCE,2015.54,0.0025,5.03885,False,2026-03-31 02:24:27.807000
832,BINANCE:ETHUSDT,20260331,22427,BINANCE,2015.54,0.0026,5.240404,False,2026-03-31 02:24:27.807000
833,BINANCE:ETHUSDT,20260331,22427,BINANCE,2015.54,0.0026,5.240404,False,2026-03-31 02:24:27.807000
834,BINANCE:ETHUSDT,20260331,22427,BINANCE,2015.54,0.0026,5.240404,False,2026-03-31 02:24:27.807000
835,BINANCE:ETHUSDT,20260331,22427,BINANCE,2015.54,0.0026,5.240404,False,2026-03-31 02:24:27.807000
836,BINANCE:ETHUSDT,20260331,22427,BINANCE,2015.54,0.0025,5.03885,False,2026-03-31 02:24:27.807000
837,BINANCE:ETHUSDT,20260331,22427,BINANCE,2015.53,0.0025,5.038825,False,2026-03-31 02:24:27.807000
838,BINANCE:ETHUSDT,20260331,22427,BINANCE,2015.53,0.0026,5.240378,False,2026-03-31 02:24:27.807000
839,BINANCE:ETHUSDT,20260331,22427,BINANCE,2015.52,0.003,6.04656,False,2026-03-31 02:24:27.807000
840,BINANCE:ETHUSDT,20260331,22427,BINANCE,2015.52,0.0025,5.0388,False,2026-03-31 02:24:27.807000
841,BINANCE:ETHUSDT,20260331,22427,BINANCE,2015.52,0.0026,5.240352,False,2026-03-31 02:24:27.807000
842,BINANCE:ETHUSDT,20260331,22427,BINANCE,2015.52,0.0025,5.0388,False,2026-03-31 02:24:27.807000
843,BINANCE:ETHUSDT,20260331,22427,BINANCE,2015.51,0.3003,605.257653,False,2026-03-31 02:24:27.807000
844,BINANCE:ETHUSDT,20260331,22427,BINANCE,2015.51,0.0025,5.038775,False,2026-03-31 02:24:27.807000
845,BINANCE:ETHUSDT,20260331,22427,BINANCE,2015.51,0.0026,5.240326,False,2026-03-31 02:24:27.807000
846,BINANCE:ETHUSDT,20260331,22427,BINANCE,2015.51,0.0025,5.038775,False,2026-03-31 02:24:27.807000
847,BINANCE:ETHUSDT,20260331,22427,BINANCE,2015.5,0.0073,14.71315,False,2026-03-31 02:24:27.809000
848,BINANCE:ETHUSDT,20260331,22427,BINANCE,2015.5,0.0025,5.03875,False,2026-03-31 02:24:27.809000
849,BINANCE:ETHUSDT,20260331,22427,BINANCE,2015.5,0.0026,5.2402999999999995,False,2026-03-31 02:24:27.809000
850,BINANCE:ETHUSDT,20260331,22427,BINANCE,2015.5,0.0026,5.2402999999999995,False,2026-03-31 02:24:27.809000
851,BINANCE:ETHUSDT,20260331,22427,BINANCE,2015.5,0.0025,5.03875,False,2026-03-31 02:24:27.809000
852,BINANCE:ETHUSDT,20260331,22427,BINANCE,2015.5,0.0025,5.03875,False,2026-03-31 02:24:27.809000
853,BINANCE:ETHUSDT,20260331,22427,BINANCE,2015.5,0.0025,5.03875,False,2026-03-31 02:24:27.809000
854,BINANCE:ETHUSDT,20260331,22427,BINANCE,2015.5,0.0025,5.03875,False,2026-03-31 02:24:27.809000
855,BINANCE:ETHUSDT,20260331,22427,BINANCE,2015.49,0.1241,250.122309,False,2026-03-31 02:24:27.812000
856,BINANCE:ETHUSDT,20260331,22427,BINANCE,2015.49,0.0025,5.038725,False,2026-03-31 02:24:27.812000
857,BINANCE:ETHUSDT,20260331,22427,BINANCE,2015.49,0.0026,5.240273999999999,False,2026-03-31 02:24:27.812000
858,BINANCE:ETHUSDT,20260331,22427,BINANCE,2015.49,0.0026,5.240273999999999,False,2026-03-31 02:24:27.812000
859,BINANCE:ETHUSDT,20260331,22427,BINANCE,2015.49,0.005,10.07745,False,2026-03-31 02:24:27.812000
860,BINANCE:ETHUSDT,20260331,22427,BINANCE,2015.49,0.0026,5.240273999999999,False,2026-03-31 02:24:27.812000
861,BINANCE:ETHUSDT,20260331,22427,BINANCE,2015.49,0.0026,5.240273999999999,False,2026-03-31 02:24:27.812000
862,BINANCE:ETHUSDT,20260331,22427,BINANCE,2015.49,0.0026,5.240273999999999,False,2026-03-31 02:24:27.812000
863,BINANCE:ETHUSDT,20260331,22427,BINANCE,2015.49,0.0026,5.240273999999999,False,2026-03-31 02:24:27.812000
864,BINANCE:ETHUSDT,20260331,22427,BINANCE,2015.49,0.0026,5.240273999999999,False,2026-03-31 02:24:27.812000
865,BINANCE:ETHUSDT,20260331,22427,BINANCE,2015.49,0.0025,5.038725,False,2026-03-31 02:24:27.812000
866,BINANCE:ETHUSDT,20260331,22427,BINANCE,2015.49,0.0025,5.038725,False,2026-03-31 02:24:27.812000
867,BINANCE:ETHUSDT,20260331,22427,BINANCE,2015.49,0.0025,5.038725,False,2026-03-31 02:24:27.812000
868,BINANCE:ETHUSDT,20260331,22427,BINANCE,2015.49,0.0025,5.038725,False,2026-03-31 02:24:27.813000
869,BINANCE:ETHUSDT,20260331,22427,BINANCE,2015.48,0.0044,8.868112,False,2026-03-31 02:24:27.813000
870,BINANCE:ETHUSDT,20260331,22427,BINANCE,2015.48,0.0025,5.0387,False,2026-03-31 02:24:27.813000
871,BINANCE:ETHUSDT,20260331,22427,BINANCE,2015.48,0.0026,5.240248,False,2026-03-31 02:24:27.813000
872,BINANCE:ETHUSDT,20260331,22427,BINANCE,2015.48,0.0025,5.0387,False,2026-03-31 02:24:27.813000
873,BINANCE:ETHUSDT,20260331,22427,BINANCE,2015.46,0.0025,5.0386500000000005,False,2026-03-31 02:24:27.820000
874,BINANCE:ETHUSDT,20260331,22427,BINANCE,2015.46,0.0718,144.710028,False,2026-03-31 02:24:27.820000
875,BINANCE:ETHUSDT,20260331,22427,BINANCE,2015.46,0.0026,5.240196,False,2026-03-31 02:24:27.820000
876,BINANCE:ETHUSDT,20260331,22427,BINANCE,2015.46,0.005,10.077300000000001,False,2026-03-31 02:24:27.820000
877,BINANCE:ETHUSDT,20260331,22427,BINANCE,2015.46,0.0026,5.240196,False,2026-03-31 02:24:27.820000
878,BINANCE:ETHUSDT,20260331,22427,BINANCE,2015.46,0.0026,5.240196,False,2026-03-31 02:24:27.820000
879,BINANCE:ETHUSDT,20260331,22427,BINANCE,2015.46,0.0026,5.240196,False,2026-03-31 02:24:27.820000
880,BINANCE:ETHUSDT,20260331,22427,BINANCE,2015.46,0.0025,5.0386500000000005,False,2026-03-31 02:24:27.820000
881,BINANCE:ETHUSDT,20260331,22427,BINANCE,2015.45,0.0025,5.038625000000001,False,2026-03-31 02:24:27.820000
882,BINANCE:ETHUSDT,20260331,22427,BINANCE,2015.45,0.0025,5.038625000000001,False,2026-03-31 02:24:27.820000
883,BINANCE:ETHUSDT,20260331,22427,BINANCE,2015.45,0.0233,46.959985,False,2026-03-31 02:24:27.820000
884,BINANCE:ETHUSDT,20260331,22427,BINANCE,2015.45,0.0026,5.24017,False,2026-03-31 02:24:27.820000
885,BINANCE:ETHUSDT,20260331,22427,BINANCE,2015.45,0.0026,5.24017,False,2026-03-31 02:24:27.820000
886,BINANCE:ETHUSDT,20260331,22427,BINANCE,2015.45,0.0025,5.038625000000001,False,2026-03-31 02:24:27.820000
887,BINANCE:ETHUSDT,20260331,22427,BINANCE,2015.45,0.0025,5.038625000000001,False,2026-03-31 02:24:27.820000
888,BINANCE:ETHUSDT,20260331,22427,BINANCE,2015.45,0.0025,5.038625000000001,False,2026-03-31 02:24:27.820000
889,BINANCE:ETHUSDT,20260331,22427,BINANCE,2015.45,0.0025,5.038625000000001,False,2026-03-31 02:24:27.820000
890,BINANCE:BTCUSDT,20260331,22427,BINANCE,66304.82,0.01522,1009.1593604000001,False,2026-03-31 02:24:27.842000
891,BINANCE:BTCUSDT,20260331,22427,BINANCE,66304.82,0.00016,10.608771200000001,False,2026-03-31 02:24:27.842000
892,BINANCE:BTCUSDT,20260331,22427,BINANCE,66304.82,0.00016,10.608771200000001,False,2026-03-31 02:24:27.842000
893,BINANCE:BTCUSDT,20260331,22427,BINANCE,66304.82,8e-05,5.304385600000001,False,2026-03-31 02:24:27.842000
894,BINANCE:BTCUSDT,20260331,22427,BINANCE,66304.82,0.00016,10.608771200000001,False,2026-03-31 02:24:27.842000
895,BINANCE:BTCUSDT,20260331,22427,BINANCE,66304.82,8e-05,5.304385600000001,False,2026-03-31 02:24:27.842000
896,BINANCE:BTCUSDT,20260331,22427,BINANCE,66304.82,0.01139,755.2118998000001,False,2026-03-31 02:24:27.842000
897,BINANCE:BTCUSDT,20260331,22427,BINANCE,66304.82,0.01357,899.7564074000002,False,2026-03-31 02:24:27.842000
898,BINANCE:BTCUSDT,20260331,22427,BINANCE,66304.82,0.00151,100.12027820000002,False,2026-03-31 02:24:27.842000
899,BINANCE:BTCUSDT,20260331,22427,BINANCE,66304.82,0.00362,240.02344840000004,False,2026-03-31 02:24:27.842000
900,BINANCE:BTCUSDT,20260331,22427,BINANCE,66304.82,0.00142,94.1528444,False,2026-03-31 02:24:27.842000
901,BINANCE:BTCUSDT,20260331,22427,BINANCE,66304.82,8e-05,5.304385600000001,False,2026-03-31 02:24:27.842000
902,BINANCE:BTCUSDT,20260331,22427,BINANCE,66304.82,8e-05,5.304385600000001,False,2026-03-31 02:24:27.842000
903,BINANCE:BTCUSDT,20260331,22427,BINANCE,66304.82,8e-05,5.304385600000001,False,2026-03-31 02:24:27.842000
904,BINANCE:BTCUSDT,20260331,22427,BINANCE,66304.82,8e-05,5.304385600000001,False,2026-03-31 02:24:27.842000
905,BINANCE:BTCUSDT,20260331,22427,BINANCE,66304.82,8e-05,5.304385600000001,False,2026-03-31 02:24:27.842000
906,BINANCE:BTCUSDT,20260331,22427,BINANCE,66304.82,8e-05,5.304385600000001,False,2026-03-31 02:24:27.842000
907,BINANCE:BTCUSDT,20260331,22427,BINANCE,66304.82,8e-05,5.304385600000001,False,2026-03-31 02:24:27.842000
908,BINANCE:BTCUSDT,20260331,22427,BINANCE,66304.82,8e-05,5.304385600000001,False,2026-03-31 02:24:27.842000
909,BINANCE:BTCUSDT,20260331,22427,BINANCE,66304.82,8e-05,5.304385600000001,False,2026-03-31 02:24:27.842000
910,BINANCE:BTCUSDT,20260331,22427,BINANCE,66304.82,8e-05,5.304385600000001,False,2026-03-31 02:24:27.842000
911,BINANCE:BTCUSDT,20260331,22427,BINANCE,66304.82,8e-05,5.304385600000001,False,2026-03-31 02:24:27.842000
912,BINANCE:BTCUSDT,20260331,22427,BINANCE,66304.82,8e-05,5.304385600000001,False,2026-03-31 02:24:27.842000
913,BINANCE:BTCUSDT,20260331,22427,BINANCE,66304.82,8e-05,5.304385600000001,False,2026-03-31 02:24:27.842000
914,BINANCE:BTCUSDT,20260331,22427,BINANCE,66304.82,8e-05,5.304385600000001,False,2026-03-31 02:24:27.842000
915,BINANCE:BTCUSDT,20260331,22427,BINANCE,66304.82,8e-05,5.304385600000001,False,2026-03-31 02:24:27.842000
916,BINANCE:BTCUSDT,20260331,22427,BINANCE,66304.82,8e-05,5.304385600000001,False,2026-03-31 02:24:27.842000
917,BINANCE:BTCUSDT,20260331,22427,BINANCE,66304.82,8e-05,5.304385600000001,False,2026-03-31 02:24:27.842000
918,BINANCE:BTCUSDT,20260331,22427,BINANCE,66304.82,8e-05,5.304385600000001,False,2026-03-31 02:24:27.842000
919,BINANCE:BTCUSDT,20260331,22427,BINANCE,66304.82,8e-05,5.304385600000001,False,2026-03-31 02:24:27.842000
920,BINANCE:BTCUSDT,20260331,22427,BINANCE,66304.82,8e-05,5.304385600000001,False,2026-03-31 02:24:27.842000
921,BINANCE:BTCUSDT,20260331,22427,BINANCE,66304.82,8e-05,5.304385600000001,False,2026-03-31 02:24:27.842000
922,BINANCE:BTCUSDT,20260331,22427,BINANCE,66304.82,8e-05,5.304385600000001,False,2026-03-31 02:24:27.842000
923,BINANCE:BTCUSDT,20260331,22427,BINANCE,66304.82,8e-05,5.304385600000001,False,2026-03-31 02:24:27.842000
924,BINANCE:BTCUSDT,20260331,22427,BINANCE,66304.82,8e-05,5.304385600000001,False,2026-03-31 02:24:27.842000
925,BINANCE:BTCUSDT,20260331,22427,BINANCE,66304.82,8e-05,5.304385600000001,False,2026-03-31 02:24:27.842000
926,BINANCE:BTCUSDT,20260331,22427,BINANCE,66304.82,8e-05,5.304385600000001,False,2026-03-31 02:24:27.842000
927,BINANCE:BTCUSDT,20260331,22427,BINANCE,66304.82,8e-05,5.304385600000001,False,2026-03-31 02:24:27.842000
928,BINANCE:BTCUSDT,20260331,22427,BINANCE,66304.82,8e-05,5.304385600000001,False,2026-03-31 02:24:27.842000
929,BINANCE:BTCUSDT,20260331,22427,BINANCE,66304.82,8e-05,5.304385600000001,False,2026-03-31 02:24:27.842000
930,BINANCE:BTCUSDT,20260331,22427,BINANCE,66304.82,8e-05,5.304385600000001,False,2026-03-31 02:24:27.842000
931,BINANCE:BTCUSDT,20260331,22427,BINANCE,66304.82,8e-05,5.304385600000001,False,2026-03-31 02:24:27.842000
932,BINANCE:BTCUSDT,20260331,22427,BINANCE,66304.82,8e-05,5.304385600000001,False,2026-03-31 02:24:27.844000
933,BINANCE:BTCUSDT,20260331,22427,BINANCE,66304.82,8e-05,5.304385600000001,False,2026-03-31 02:24:27.844000
934,BINANCE:BTCUSDT,20260331,22427,BINANCE,66304.82,8e-05,5.304385600000001,False,2026-03-31 02:24:27.844000
935,BINANCE:BTCUSDT,20260331,22427,BINANCE,66304.82,8e-05,5.304385600000001,False,2026-03-31 02:24:27.844000
936,BINANCE:BTCUSDT,20260331,22427,BINANCE,66304.82,8e-05,5.304385600000001,False,2026-03-31 02:24:27.844000
937,BINANCE:BTCUSDT,20260331,22427,BINANCE,66304.82,8e-05,5.304385600000001,False,2026-03-31 02:24:27.844000
938,BINANCE:BTCUSDT,20260331,22427,BINANCE,66304.81,8e-05,5.3043848,False,2026-03-31 02:24:27.844000
939,BINANCE:BTCUSDT,20260331,22427,BINANCE,66304.81,8e-05,5.3043848,False,2026-03-31 02:24:27.844000
940,BINANCE:BTCUSDT,20260331,22427,BINANCE,66304.81,8e-05,5.3043848,False,2026-03-31 02:24:27.844000
941,BINANCE:BTCUSDT,20260331,22427,BINANCE,66304.81,8e-05,5.3043848,False,2026-03-31 02:24:27.844000
942,BINANCE:BTCUSDT,20260331,22427,BINANCE,66304.81,8e-05,5.3043848,False,2026-03-31 02:24:27.844000
943,BINANCE:BTCUSDT,20260331,22427,BINANCE,66304.81,8e-05,5.3043848,False,2026-03-31 02:24:27.844000
944,BINANCE:BTCUSDT,20260331,22427,BINANCE,66304.81,8e-05,5.3043848,False,2026-03-31 02:24:27.844000
945,BINANCE:BTCUSDT,20260331,22427,BINANCE,66304.81,8e-05,5.3043848,False,2026-03-31 02:24:27.844000
946,BINANCE:BTCUSDT,20260331,22427,BINANCE,66304.81,8e-05,5.3043848,False,2026-03-31 02:24:27.844000
947,BINANCE:BTCUSDT,20260331,22427,BINANCE,66304.81,8e-05,5.3043848,False,2026-03-31 02:24:27.844000
948,BINANCE:BTCUSDT,20260331,22427,BINANCE,66303.63,8e-05,5.304290400000001,False,2026-03-31 02:24:27.844000
949,BINANCE:BTCUSDT,20260331,22427,BINANCE,66302.9,8e-05,5.304232,False,2026-03-31 02:24:27.844000
950,BINANCE:BTCUSDT,20260331,22427,BINANCE,66302.89,8e-05,5.3042312,False,2026-03-31 02:24:27.844000
951,BINANCE:BTCUSDT,20260331,22427,BINANCE,66302.89,0.00339,224.7667971,False,2026-03-31 02:24:27.844000
952,BINANCE:BTCUSDT,20260331,22427,BINANCE,66302.89,8e-05,5.3042312,False,2026-03-31 02:24:27.844000
953,BINANCE:BTCUSDT,20260331,22427,BINANCE,66302.89,8e-05,5.3042312,False,2026-03-31 02:24:27.844000
954,BINANCE:BTCUSDT,20260331,22427,BINANCE,66302.89,8e-05,5.3042312,False,2026-03-31 02:24:27.844000
955,BINANCE:BTCUSDT,20260331,22427,BINANCE,66302.89,8e-05,5.3042312,False,2026-03-31 02:24:27.844000
956,BINANCE:BTCUSDT,20260331,22427,BINANCE,66302.89,8e-05,5.3042312,False,2026-03-31 02:24:27.844000
957,BINANCE:BTCUSDT,20260331,22427,BINANCE,66302.89,8e-05,5.3042312,False,2026-03-31 02:24:27.844000
958,BINANCE:BTCUSDT,20260331,22427,BINANCE,66302.89,8e-05,5.3042312,False,2026-03-31 02:24:27.844000
959,BINANCE:BTCUSDT,20260331,22427,BINANCE,66302.89,8e-05,5.3042312,False,2026-03-31 02:24:27.844000
960,BINANCE:BTCUSDT,20260331,22427,BINANCE,66302.89,8e-05,5.3042312,False,2026-03-31 02:24:27.844000
961,BINANCE:BTCUSDT,20260331,22427,BINANCE,66302.5,8e-05,5.304200000000001,False,2026-03-31 02:24:27.844000
962,BINANCE:BTCUSDT,20260331,22427,BINANCE,66302.45,0.00041,27.184004499999997,False,2026-03-31 02:24:27.844000
963,BINANCE:BTCUSDT,20260331,22427,BINANCE,66302.43,8e-05,5.3041944,False,2026-03-31 02:24:27.844000
964,BINANCE:BTCUSDT,20260331,22427,BINANCE,66302.43,8e-05,5.3041944,False,2026-03-31 02:24:27.844000
965,BINANCE:BTCUSDT,20260331,22427,BINANCE,66301.71,8e-05,5.304136800000001,False,2026-03-31 02:24:27.844000
966,BINANCE:BTCUSDT,20260331,22427,BINANCE,66301.71,8e-05,5.304136800000001,False,2026-03-31 02:24:27.844000
967,BINANCE:BTCUSDT,20260331,22427,BINANCE,66301.71,8e-05,5.304136800000001,False,2026-03-31 02:24:27.844000
